IEEE

@STRING{IRE_J_IT		= "{IRE} Trans. Inf. Theory"}
@STRING{IEEE_P_ULTRA		= IEEE_J_PROC # " Symp. Ultrasonics"}
@STRING{IEEE_P_VPCC		= IEEE_J_PROC # " Vehicle Power and Propulsion Conf. (VPPC)"}
@STRING{IEEE_P_BIOC		= IEEE_J_PROC # " Bioengineering Conf."}
@STRING{IEEE_P_CICC		= IEEE_J_PROC # " Custom Integrated Circuits Conf. (CICC)"}
@STRING{IEEE_P_ICECS		= IEEE_J_PROC # " Int. Conf. Electronics, Circuits, and Systems"}
@STRING{IEEE_P_ISCAS		= IEEE_J_PROC # " Int. Symp. Circuits and Systems (ISCAS)"}
@STRING{IEEE_P_ASICS		= IEEE_J_PROC # " Asia-Pacific Conf. ASIC"}
@STRING{IEEE_P_ESSCIRC		= IEEE_J_PROC # " European Solid-State Circuits Conf."}
@STRING{IEEE_P_ISSCC		= "IEEE ISSCC Dig. Tech. Papers"}
@STRING{IEEE_P_MOMUC		= IEEE_J_PROC # " MoMuC"}
@STRING{IEEE_P_WIMOB		= IEEE_J_PROC # " Int. Conf. Wireless and Mobile Computer, Networking, and Communications (WiMob)"}
@STRING{IEEE_P_MASCOTS		= IEEE_J_PROC # " Int. Symp. Modeling, Analysis, and Simulation of Computer and Telecommunication System"}
@STRING{IEEE_P_PDIPS		= IEEE_J_PROC # " Int. Parallel and Distributed Processing Symp."}
@STRING{IEEE_P_WIRELESSCOM	= IEEE_J_PROC # " Int. Conf. Wireless Networks, Communications and Mobile Computing"}
@STRING{IEEE_P_WCNC		= IEEE_J_PROC # " Int. Wireless Communications and Networking Conf."}
@STRING{IEEE_P_DRPT		= IEEE_J_PROC # " Int. Conf. Electric Utility Deregulation, Restructuring and Power Technologies"}
@STRING{IEEE_P_ICNSC		= IEEE_J_PROC # " Int. Conf. Networking, Sensing, and Control"}
@STRING{IEEE_P_INFOCOM		= IEEE_J_PROC # " Int. Conf. Computer Communications (INFOCOM)"}
@STRING{IEEE_P_SENSORS		= IEEE_J_PROC # " Conf. Sensors"}
@STRING{IEEE_P_WMCSA		= IEEE_J_PROC # " Workshop on Mobile Computing Systems and Applications"}
@STRING{IEEE_P_CSIC		= IEEE_J_PROC # " Compound Semiconductor Integrated Circuit Symp."}
@STRING{IEEE_P_RTAS		= IEEE_J_PROC # " Real-Time and Embedded Technology Application Symp. (RTAS)"}
@STRING{IEEE_P_MOBHOC		= IEEE_J_PROC # " Workshop on Mobile and Ad Hoc Networking and Computing (MobiHOC)"}
@STRING{IEEE_P_ICC		= IEEE_J_PROC # " Int. Conf. Communications (ICC)"}
@STRING{IEEE_P_VTC		= IEEE_J_PROC # " Vehicular Technology Conf."}
@STRING{IEEE_P_AUTOID		= IEEE_J_PROC # " Workshop on Automatic Identification Advanced Technologies"}
@STRING{IEEE_P_ICM		= "Proc. Int. Conf. Microelectronics"}
@STRING{IEEE_P_SIRF		= IEEE_J_PROC # " Topical Meeting on Silicon Monolithic Integrated Circiuts in RF Systems (SiRF)"}
@STRING{IEEE_P_GREENCOMM	= IEEE_J_PROC # " Workshop on Green Communications (GreenComm)"}
@STRING{IEEE_P_GREENCOM_CPSCOM	= IEEE_J_PROC # " Int. Conf. on Green Computing and Communications \& Int. Conf. on Cyber, Physical and Social Computing (GREENCOM-CPSCOM)"}
@STRING{IEEE_P_ISCC		= IEEE_J_PROC # " Int. Symp. Cumputers and Communications (ISCC)"}
@STRING{IEEE_P_HOTMOBILE	= IEEE_J_PROC # " Workshop on Mobile Computing Systems and Applications (HOTMOBILE)"}
@STRING{IEEE_P_ASICON		= IEEE_J_PROC # " Int. Conf. ASIC (ASICON)"}
@STRING{IEEE_P_ICCCN		= "Proc. Int. Conf. Computer Communications and Networks (ICCCN)"}
@STRING{IEEE_P_RFIC		= IEEE_J_PROC # " Radio Frequency Integrated Circuits Symp. (RFIC)"}
@STRING{IEEE_P_RAWCON		= IEEE_J_PROC # " Radio and Wireless Symp. (RAWCON)"}
@STRING{IEEE_P_W_VITAE		= IEEE_J_PROC # " Int. Conf. Wireless Communication, Vehicular Technology, Information Theory and Aerospace \& Electronic Systems Technology (Wireless Vitae)"}
@STRING{IEEE_P_GLOBECOM		= IEEE_J_PROC # " GLOBECOM"}
@STRING{IEEE_P_GLOBECOMW	= IEEE_J_PROC # " GLOBECOM Workshops"}
@STRING{IEEE_P_COMSWARE		= "Proc. Int. Conf. Communication Systems Software and Middleware (COMSWARE)"}
@STRING{IEEE_P_IEDM		= IEEE_J_PROC # " Int. Electron Devices Meeting (IEDM)"}
@STRING{IEEE_P_ICSPS		= "Proc. Int. Conf. Signal Processing Systems"}
@STRING{IEEE_P_PORTABLE		= IEEE_J_PROC # " Int. Conf. Portable Information Devices (PORTABLE)"}
@STRING{IEEE_P_MSCS		= "Proc. the Midwest Symp. Circuits and Systems"}
@STRING{IEEE_P_CHINACOM		= "Proc. Int. Conf. Communications and Networking in China (ChinaCom)"}
@STRING{IEEE_P_SECON		= IEEE_J_PROC # " Communications Society Conf. Sensor, Mesh and Ad Hoc Communications and Networks (SECON)"}
@STRING{IEEE_P_SNPA		= IEEE_J_PROC # " Int. Workshop Sensor Network Protocols and Applications"}
@STRING{IEEE_P_BIO_WIRELESS	= IEEE_J_PROC # " Topical Conf. Biomedical Radio and Wireless Technologies, Networks, and Sensing Systems"}
@STRING{IEEE_P_PIMRC		= IEEE_J_PROC # " Int. Symp. Personal, Indoor and Mobile Radio Communications (PIMRC)"}
@STRING{IEEE_P_ISWC		= IEEE_J_PROC # " Int. Symp. Wearable Computers (ISWC)"}
@STRING{IEEE_P_APSCC		= IEEE_J_PROC # " Asia-Pacific Services Computing Conf. (APSCC)"}
@STRING{IEEE_P_RO_MAN		= IEEE_J_PROC # " Int. Symp. Robot and Human Interactive Communication (RO-MAN)"}
@STRING{IEEE_P_ISM		= IEEE_J_PROC # " Int. Symp. Multimedia"}
@STRING{IEEE_P_ICADIWT		= IEEE_J_PROC # " Int. Conf. Applications Digital Info. Web Technologies (ICADIWT)"}
@STRING{IEEE_P_CASON		= IEEE_J_PROC # " Int. Conf. Computational Aspects of Social Networks (CASoN)"}
@STRING{IEEE_P_MULMED		= IEEE_J_PROC # " Int. Conf. Multimedia and Expo"}
@STRING{IEEE_P_CCNC		= IEEE_J_PROC # " Consumer Communications Networking Conf. (CCNC)"}
@STRING{IEEE_P_RIISS		= IEEE_J_PROC # " Workshop Robotic Intelligence Informationally Structured Space (RIISS)"}
@STRING{IEEE_P_ICASSP		= IEEE_J_PROC # " Int. Conf. Acoustics, Speech, and Signal Processing (ICASSP)"}
@STRING{IEEE_P_ISWPC		= "Proc. Int. Symp. Wireless Pervasive Computing (ISWPC)"}
@STRING{IEEE_P_VLSIC		= "Proc. Symp. VLSI Circuits (VLSIC)"}
@STRING{IEEE_P_PERCOM		= "IEEE PerCom"}
@STRING{IEEE_P_WTS		= IEEE_J_PROC # " Wireless Telecommunications Symposium (WTS)"}
@STRING{IEEE_P_IC_NIDC		= IEEE_J_PROC # " Int. Conf. Network Infrastructure and Digital Content (IC-NIDC)"}
@STRING{IEEE_P_ICNP		= IEEE_J_PROC # " Int. Conf. Network Protocols (ICNP)"}
@STRING{IEEE_P_AINA		= IEEE_J_PROC # " Int. Conf. Advanced Info. Networking Applications (AINA)"}
@STRING{IEEE_P_MASS		= IEEE_J_PROC # " Int. Conf. Mobile Ad-Hoc and Sensor Systems (MASS)"}
@STRING{IEEE_P_SOCC		= IEEE_J_PROC # " Int. SoC Conf. (SOCC)"}
@STRING{IEEE_P_DCC		= "Proc. Data Compression Conf. (DCC)"}
@STRING{IEEE_P_UIC		= IEEE_J_PROC # " Int. Conf. Ubiquitous Intelligence and Computing (UIC)"}
@STRING{IEEE_P_WONS		= "Proc. Annual Conf. Wireless On-demand Network Systems Services (WONS)"}
@STRING{IEEE_P_IPCCC		= IEEE_J_PROC # " Int. Performance Computing Communications Conf. (IPCCC)"}
@STRING{IEEE_P_ISCIT		= "Proc. Int. Symp. Communications and Information Technology (ISCIT)"}
@STRING{IEEE_P_ICESS		= IEEE_J_PROC # " Int. Conf. Embedded Software and Systems (ICESS)"}
@STRING{IEEE_P_TENCON		= "Proc. IEEE Region 10 Conf. (TENCON)"}
@STRING{IEEE_P_ISSNIP		= IEEE_J_PROC # " Int. Conf. Intelligent Sensors, Sensor Networks and Information Processing (ISSNIP)"}
@STRING{IEEE_P_VEHICULAR	= IEEE_J_PROC # " Int. Conf. Advances in Vehicular Systems (VEHICULAR)"}
@STRING{IEEE_P_ITSC		= IEEE_J_PROC # " Conf. Intelligent Transportation Systems (ITSC)"}
@STRING{IEEE_P_IMTC		= IEEE_J_PROC # " Instrumentation and Measurement Technology Conf. (IMTC)"}
@STRING{IEEE_D_PERCOM		= "IEEE PerCom, Demo"}


ACM

@STRING{ACM_J_ACM		= "J. ACM"}
@STRING{ACM_J_COM		= "Commun. ACM"}
@STRING{ACM_J_MOBNET_APPL	= "Mobile Networks and Applications"}
@STRING{ACM_J_PROC		= "Proc. {ACM}"}
@STRING{ACM_J_SIGOPS_OSR	= ACM_J_PROC # " Operating System Review (SIGOPS-OSR)"}
@STRING{ACM_J_SIGCOMM_CCR	= "ACM SIGCOMM Computer Commun. Review (CCR)"}
@STRING{ACM_J_WINET		= "Wireless Networks"}
@STRING{ACM_J_TOCHI		= "ACM Trans. Computer-Human Interaction (TOCHI)"}
@STRING{ACM_J_TOSN		= "ACM Trans. on Sensor Networks (TOSN)"}
@STRING{ACM_P_ASPLOS		= ACM_J_PROC # " Int. Conf. Architecture Support for Programming Languages and Operating Systems (ASPLOS)"}
@STRING{ACM_P_MOBICOM		= ACM_J_PROC # " MobiCom"}
@STRING{ACM_P_MOBISYS		= ACM_J_PROC # " MobiSys"}
@STRING{ACM_P_SOSP		= ACM_J_PROC # " Symp. Operating System Principles"}
@STRING{ACM_P_DATE		= "Proc. Conf. Design, Automation and Test in Europe (DATE)"}
@STRING{ACM_P_UBICOMP		= ACM_J_PROC # " Conf. Ubiquitous Computing (Ubicomp)"}
@STRING{ACM_P_UBICOMP_ADJ	= ACM_J_PROC # " Conf. Adjunct Ubiquitous Computing (Ubicomp Adjunct)"}
@STRING{ACM_P_WASUN		= ACM_J_PROC # " Workshop on Performance Evaluation of Wireless Ad Hoc, Sensor and Ubiquitous Networks"}
@STRING{ACM_P_SENSYS		= ACM_J_PROC # " SenSys"}
@STRING{ADM_P_SENSEID		= ACM_J_PROC # " SenseID Workshop at " # ACM_P_SENSYS}
@STRING{ACM_P_IPSN		= "Proc. IPSN"}
@STRING{ACM_P_WWW		= "Proc. Int. Conf. World Wide Web (WWW)"}
@STRING{ACM_P_WSNA		= ACM_J_PROC # " Int. Workshop Wireless Sensor Networks and Applications (WSNA)"}
@STRING{ACM_P_GLSVLSI		= "Proc. Great Lakes Symp. VLSI (GLSVLSI)"}
@STRING{ACM_P_MOBIHOC		= ACM_J_PROC # " MobiHoc"}
@STRING{ACM_P_MOBIMEDIA		= ACM_J_PROC # " MobiMedia"}
@STRING{ACM_P_WINTECH		= ACM_J_PROC # " Int. Workshop on Experimental Evaluation and Characterization (WinTECH)"}
@STRING{ACM_P_CONEXT		= ACM_J_PROC # " CoNEXT"}
@STRING{ACM_P_CHI		= ACM_J_PROC # " CHI Conf. Human Factors Computing Systems (CHI)"}
@STRING{ACM_P_CHI_EA		= ACM_J_PROC # " CHI Conf. Extended Abstracts Human Factors Computing Systems (CHI EA)"}
@STRING{ACM_P_IUI		= ACM_J_PROC # " Int. Conf. Intelligent User Interfaces (IUI)"}
@STRING{ACM_P_HCII		= ACM_J_PROC # " Int. Conf. Human-Computer Interaction (HCI)"}
@STRING{ACM_P_PETRA		= ACM_J_PROC # " Int. Conf. Pervasive Technologies Related to Assistive Environments (PETRA)"}
@STRING{ACM_P_MMM		= ACM_J_PROC # " Int. Multimedia Modeling Conf. (MMM)"}
@STRING{ACM_P_CEA2009		= ACM_J_PROC # " Multimedia 2009 Workshop Multimedia Cooking and Eating Activities (CEA)"}
@STRING{ACM_P_IOT		= "Proc. Int. Conf. Internet of Things (IoT)"}
@STRING{ACM_P_IVA		= "Proc. Int. Conf. Intelligent Virtual Agents (IVA)"}
@STRING{ACM_P_PERSUASIVE	= "Proc. Int. Conf. Persuasive Technology (PERSUASIVE)"}
@STRING{ACM_P_MULTIMEDIA	= ACM_J_PROC # " Int. Conf. Multimedia (MULTIMEDIA)"}
@STRING{ACM_P_PERVASIVE		= ACM_J_PROC # " Int. Conf. Pervasive Computing (PERVASIVE)"}
@STRING{ACM_P_PCM		= ACM_J_PROC # " Pacific Rim Conf. Multimedia (PCM)"}
@STRING{ACM_P_EICS		= ACM_J_PROC # " SIGCHI Symp. Engineering Interactive Computing System (EICS)"}
@STRING{ACM_P_ACE		= ACM_J_PROC # " Int. Conf. Advances Computer Entertainment Technology (ACE)"}
@STRING{ACM_P_SESENA		= ACM_J_PROC # " Workshop Software Engineering Sensor Network Applications (SESENA)"}
@STRING{ACM_P_ACCESSNETS	= ACM_J_PROC # " Int. Conf. Access Networks (AccessNets)"}
@STRING{ACM_P_MELT		= ACM_J_PROC # " Int. Workshop Mobile Entity Localization Tracking GPS-less Environments (MELT)"}
@STRING{ACM_D_SENSYS		= ACM_J_PROC # " SenSys, Demo"}
@STRING{ACM_D_HOTMOBILE		= ACM_J_PROC # " HotMobile, Demo"}
@STRING{ACM_DP_IPSN		= "Proc. Int. Conf. Information Processing in Sensor Networks (IPSN) Poster"}

@STRING{ACM_LNCS		= "LNCS"}
@STRING{ACM_LNAI		= "LNAI"}
@STRING{ACM_LNICST		= "LNICST"}


IET

@STRING{IET_J_COMP_CONT_ENG	= "Computing \& Control Engineering J."}


Miscellaneous

@STRING{MISC_J_SCI_EXP		= "Science Express"}
@STRING{MISC_J_ANN_PHY		= "Annal of Physics"}
@STRING{MISC_J_APP_ENERGY	= "Applied Energy"}
@STRING{MISC_J_MD_BG		= "Medical and Biological Engineering and Computing"}
@STRING{MISC_J_SNAC_PHY		= "Sensors and Actuators A: Physical"}
@STRING{MISC_J_NANOBIO		= "IET Nanobiotechnology"}
@STRING{MISC_J_IET_CIRC_DEV_SYS	= "IET Circuits, Devices \& Systems"}
@STRING{MISC_J_BIOMDEV		= "Biomedical Microdevices"}
@STRING{MISC_J_ECE		= "Embedded Control Europe Magazine"}
@STRING{MISC_J_INET_MATH	= "J. Internet Mathematics"}
@STRING{MISC_J_PANA_TECH	= "Matsushita Technical J."}
@STRING{MISC_J_APP_PHY		= "J. Applied Physics"}
@STRING{MISC_J_SSCOM		= "Solid State Communications"}
@STRING{MISC_J_ADV_MATER	= "Advanced Materials"}
@STRING{MISC_J_PHYS_REV_B	= "Physical Review B"}
@STRING{MISC_J_IJWIN		= "Int. J. Wireless Info. Networks"}
@STRING{MISC_J_IJSNET		= "Int. J. Sensor Networks"}
@STRING{MISC_J_MSCI_TECH	= "J. Measurement Science and Technology"}
@STRING{MISC_J_PHY_MEAS		= "J. Physiological Measurement"}
@STRING{MISC_J_VLSI_SIGP	= "J. VLSI Signal Processing"}
@STRING{MISC_J_EURASIP		= "EURASIP J. Applied Signal Processing"}
@STRING{MISC_J_CLI_HYPER	= "J. Clinical Hypertension"}
@STRING{MISC_J_EURONEURO	= "European Neuropsychopharmacology"}
@STRING{MISC_J_INTNEURO		= "Int. J. Neuropsychopharmacology"}
@STRING{MISC_J_AMJPSY		= "American J. Psychiatry"}
@STRING{MISC_J_OP_PHARMACOL	= "The Open Pharmacology J."}
@STRING{MISC_J_SAND_CARING_SCI	= "Scandinavian J. Caring Sciences"}
@STRING{MISC_J_BELL_SYST	= "Bell System Technical J."}
@STRING{MISC_J_SIAM		= "J. Society for Indust. Applied Math."}
@STRING{MISC_J_SIAM_COM		= "SIAM J. Computing"}
@STRING{MISC_J_AI_MAG		= "AI Mag."}
@STRING{MISC_J_SM_HOME		= "Int. J. Smart Home"}
@STRING{MISC_J_ROB_MECH		= "J. Robotics Mechatronics"}
@STRING{MISC_J_PER_UBICOMP	= "J. Personal Ubiquitous Computing"}
@STRING{MISC_J_OPR_MANAG	= "J. Operations Management"}
@STRING{MISC_J_COM_COM		= "J. Computer Communications"}
@STRING{MISC_J_INF_CTL		= "Info. Control"}
@STRING{MISC_J_PMCJ		= "Pervasive and Mobile Computing"}
@STRING{MISC_J_JCM		= "J. Communications"}
@STRING{MISC_J_CTA		= "J. Control Theory Applications"}
@STRING{MISC_J_JWCN		= "EURASIP J. Wireless Communications and Networking"}
@STRING{MISC_J_DSN		= "Int. J. Distributed Sensor Networks"}
@STRING{MISC_J_PTRS_A		= "Philosophical Trans. Royal Society A"}
@STRING{MISC_J_MOUNT_ECO	= "J. Mountain Ecology"}
@STRING{MISC_J_BIOGEOGRAPHY	= "J. Biogeography"}
@STRING{MISC_JL_APP_PHY		= "Applied Physics Letters"}
@STRING{MISC_JL_NANO		= "Nano Letters"}
@STRING{MISC_P_ICREPQ		= "Proc. Int. Conf. Renewable Energies and Power Quality (ICREPQ)"}
@STRING{MISC_P_SENSORCOMM	= "Proc. Int. Conf. Sensor Technologies and Applications"}
@STRING{MISC_P_ISLPED		= "Proc. Int. Symp. Low Power Electronics and Design"}
@STRING{MISC_P_MICRO		= "Proc. Annual {IEEE/ACM} Int. Symp. Microarchitecture"}
@STRING{MISC_P_INSS		= "Proc. Int. Workshop on Networked Sensing Systems (INSS)"}
@STRING{MISC_P_IMOC		= "Proc. {SBMO/IEEE MTT-S} Int. Microwave and Optoelectronics Conf. (IMOC)"}
@STRING{MISC_P_MWSYM		= "Proc. {IEEE/MTT-S} Int. Microwave Symp."}
@STRING{MISC_P_EUSIPCO		= "Proc. European Signal Processing Conf. (EUSIPCO)"}
@STRING{MISC_P_ICACT		= "Proc. Int. Conf. Advanced Communication Technology (ICACT)"}
@STRING{MISC_P_EUMC		= "Proc. European Microwave Conf. (EuMC)"}
@STRING{MISC_P_NSDI		= "Proc. USENIX Symp. Networked Systems Design and Implementation (NSDI)"}
@STRING{MISC_P_CSA		= "Proc. Int. Symp. Computer Science and its Applications (CSA)"}
@STRING{MISC_P_AWD_FMCS		= "Proc. Int. Symp. Acoustic Wave Devices for Future Mobile Communication Systems"}
@STRING{MISC_P_IMPACT		= "Proc. Int. Multimedia, Signal Processing and Communication Technologies (IMPACT)"}
@STRING{MISC_P_PERV_HEALTH	= "Proc. Int. Conf. Pervasive Computing Technologies for Healthcare"}
@STRING{MISC_P_ICCE		= "Int. Conf. Consumer Electronics (ICCE) Dig. Tech. Papers"}
@STRING{MISC_P_VLSID		= "Int. Conf. VLSI Design (VLSID)"}
@STRING{MISC_P_ASP_DAC		= "Asia and South Pacific Design Automation Conf. (ASP-DAC)"}
@STRING{MISC_P_MMCN		= "Proc. Multimedia Communication and Networking (MMCN)"}
@STRING{MISC_P_MOBIQUITOUS	= "Proc. Int. Conf. Mobile and Ubiquitous Systems: Computing, Networking, and Services (Mobiquitous)"}
@STRING{MISC_P_BROADNETS	= "Proc. Int. Conf. Broadband Communications, Networks, and Systems (BROADNETS)"}
@STRING{MISC_P_HOTEMNETS	= "Proc. Workshop on Hot Topics in Embedded Networked Sensors (HotEmNets)"}
@STRING{MISC_P_SCD		= "Proc. Semiconductor Conf. Dresden (SCD)"}
@STRING{MISC_P_BCS_HCI		= "Proc. British HCII Group Annual Conf. People Computers: Celebrating People Technology (BCS-HCI)"}
@STRING{MISC_P_IROS		= "Proc. {IEEE/RSJ} Int. Conf. Intelligent Robots Systems (IROS)"}
@STRING{MISC_P_IMECS		= "Proc. Int. MultiConf. Engineers Computer Scientists"}
@STRING{MISC_P_IRAL		= "Proc. Int. Workshop Info. Retrieval Asian Languages (IRAL)"}
@STRING{MISC_P_ICRERA		= "Proc. Int. Conf. Renewable Energy Research Applications (ICRERA)"}
@STRING{MISC_P_BODYNETS		= "Proc. Int. Conf. Body Area Networks (BodyNets)"}
@STRING{MISC_P_CCIS		= "Advances Wireless Sensor Networks, Communications in Computer and Info. Science"}
@STRING{MISC_P_ESA		= "Proc. Int. Conf. Embedded Systems and Applications (ESA)"}
@STRING{MISC_P_ITSWC		= "Proc. ITS World Congress"}
@STRING{MISC_P_ICACSIS		= "Proc. Int. Conf. Advanced Computer Science and Information Systems (ICACSIS)"}
@STRING{MISC_A_CONEXT_SW	= "Extended Abstract of ACM CoNEXT Student Workshop"}


IEICE

@STRING{IEICEJ_M		= "信学誌"}
@STRING{IEICEJ_J_		= "信学論"}
@STRING{IEICEJ_J_A		= IEICEJ_J_ # "(A)"}
@STRING{IEICEJ_J_B		= IEICEJ_J_ # "(B)"}
@STRING{IEICEJ_J_C		= IEICEJ_J_ # "(C)"}
@STRING{IEICEJ_J_D		= IEICEJ_J_ # "(D)"}
@STRING{IEICEJ_J_FR		= "IEICE Fundamentals Rev."}
@STRING{IEICEJ_ST		= "信学総大"}
@STRING{IEICEJ_SO		= "信学ソ大"}
@STRING{IEICEJ_T		= "信学技報"}
@STRING{IEICEJ_T_ASN		= "知的環境とセンサネットワーク研究会"}
@STRING{IEICEJ_T_AP		= "アンテナ・伝播研究会"}
@STRING{IEICEJ_T_SPS		= "宇宙太陽発電時限研究専門委員会研究会"}
@STRING{IEICEJ_T_IN		= "情報ネットワーク研究会"}
@STRING{IEICEJ_T_RCS		= "無線通信システム研究会"}
@STRING{IEICEJ_T_RRRC		= "高信頼制御通信研究会"}
@STRING{IEICEJ_T_SN		= "センサネットワーク研究会"}
@STRING{IEICEJ_T_AN		= "アドホックネットワーク研究会"}
@STRING{IEICEJ_T_NS		= "ネットワークシステム研究会"}
@STRING{IEICEJ_T_CS		= "通信方式研究会"}
@STRING{IEICEJ_T_MVE		= "マルチメディア・仮想環境基礎研究会"}
@STRING{IEICEJ_T_MOMUC		= "モバイルマルチメディア通信研究会"}
@STRING{IEICEJ_T_MONA		= "モバイルネットワークとアプリケーション研究会"}

@STRING{IEICE_J_		= "{IEICE} Trans."}
@STRING{IEICE_J_A		= IEICE_J_ # "(A)"}
@STRING{IEICE_J_B		= IEICE_J_ # "(B)"}
@STRING{IEICE_J_C		= IEICE_J_ # "(C)"}
@STRING{IEICE_J_D		= IEICE_J_ # "(D)"}
@STRING{IEICE_T			= "IEICE Tech. Rep."}
@STRING{IEICE_T_NS		= "Tech. Committee Network Systems"}

@STRING{IEICE_C_APSITT		= "Proc. Asia-Pacific Symp. Info. Telecommun. Technol. (APSITT)"}


IPSJ

@STRING{IPSJJ_T_		= "情報処理学会研究報告"}
@STRING{IPSJJ_T_UBI		= "ユビキタスコンピューティングシステム研究会"}
@STRING{IPSJJ_T_ITS		= "高度交通システム研究会"}
@STRING{IPSJJ_T_MBL		= "モバイルコンピューティングとユビキタス通信研究会"}
@STRING{IPSJJ_T_SE		= "ソフトウェア工学研究会"}
@STRING{IPSJJ_P_DICOMO		= "情報処理学会マルチメディア, 分散, 協調とモバイルシンポジウム（DICOMO）"}
@STRING{IPSJJ_P_ESS		= "情報処理学会 組込みシステムシンポジウム"}

@STRING{IPSJ_P_CANDAR		= "Proc. Int. Symp. Computing and Networking (CANDAR)"}


IEE

@STRING{IEE_J_PROC_COM		= "IEE Proc.-Commun."}
@STRING{IEEJ_M			= "電気学会誌"}
@STRING{IEEJ_P_AM_EN_ST		= "電気学会自動車研究会 自動車用エネルギーストレージ"}
@STRING{IEEJ_P_APP_INDS		= "電気学会産業応用部門大会"}


Miscellaneous_Japanese

@STRING{MISCJ_T_SHARP		= "シャープ技報"}
@STRING{MISCJ_JSSST		= "日本ソフトウェア科学会"}
@STRING{MISCJ_J_NTT		= "NTT技術ジャーナル"}
@STRING{MISCJ_MAMMAL		= "哺乳類科学"}
@STRING{MISCJ_JSCE              = "土木計画学研究発表会講演集"}
@STRING{MISCJ_MLIT_HOKU         = "国交省北陸地方整備局 事業研究発表会資料集"}
@STRING{MISCJ_PWRC              = "土木技術資料"}
@STRING{MISCJ_ASJ_TAIKAI        = "日本音響学会研究発表会講演論文集"}
@STRING{MISCJ_DOBOKU		= "土木情報システム論文集"}
@STRING{MISCJ_KOTSU		= "交通工学"}
