IEEE

@STRING{IRE_J_IT		= "{IRE} Transactions on Information Theory"}
@STRING{IEEE_P_ULTRA		= IEEE_J_PROC # " The Symposium on Ultrasonics"}
@STRING{IEEE_P_VPCC		= IEEE_J_PROC # " The Vehicle Power and Propulsion Conference (VPPC)"}
@STRING{IEEE_P_BIOC		= IEEE_J_PROC # " The Bioengineering Conference"}
@STRING{IEEE_P_CICC		= IEEE_J_PROC # " The Custom Integrated Circuits Conference (CICC)"}
@STRING{IEEE_P_ICECS		= IEEE_J_PROC # " The International Conference on Electronics, Circuits, and Systems"}
@STRING{IEEE_P_ISCAS		= IEEE_J_PROC # " The International Symposium on Circuits and Systems (ISCAS)"}
@STRING{IEEE_P_ASICS		= IEEE_J_PROC # " The Asia-Pacific Conference on ASIC"}
@STRING{IEEE_P_ESSCIRC		= IEEE_J_PROC # " The European Solid-State Circuits Conference"}
@STRING{IEEE_P_ISSCC		= "IEEE The International Solid-State Circuits Conference (ISSCC) Digest of Technical Papers"}
@STRING{IEEE_P_MOMUC		= IEEE_J_PROC # " The International Workshop on Mobile Multimedia Communication (MoMuC)"}
@STRING{IEEE_P_WIMOB		= IEEE_J_PROC # " The International Conference  on Wireless and Mobile Computer, Networking, and Communications (WiMob)"}
@STRING{IEEE_P_MASCOTS		= IEEE_J_PROC # " The International Symposium on Modeling, Analysis, and Simulation of Computer and Telecommunication System"}
@STRING{IEEE_P_PDIPS		= IEEE_J_PROC # " The International Parallel and Distributed Processing Symposium"}
@STRING{IEEE_P_WIRELESSCOM	= IEEE_J_PROC # " The International Conference on Wireless Networks, Communications and Mobile Computing"}
@STRING{IEEE_P_WCNC		= IEEE_J_PROC # " The International Wireless Communications and Networking Conference"}
@STRING{IEEE_P_DRPT		= IEEE_J_PROC # " The International Conference on Electric Utility Deregulation, Restructuring and Power Technologies"}
@STRING{IEEE_P_ICNSC		= IEEE_J_PROC # " The International Conference on Networking, Sensing, and Control"}
@STRING{IEEE_P_INFOCOM		= IEEE_J_PROC # " The International Conference on Computer Communications"}
@STRING{IEEE_P_SENSORS		= IEEE_J_PROC # " The Conference on Sensors"}
@STRING{IEEE_P_WMCSA		= IEEE_J_PROC # " The Workshop on Mobile Computing Systems and Applications"}
@STRING{IEEE_P_CSIC		= IEEE_J_PROC # " The Compound Semiconductor Integrated Circuit Symposium"}
@STRING{IEEE_P_RTAS		= IEEE_J_PROC # " The Real-Time and Embedded Technology Application Symposium (RTAS)"}
@STRING{IEEE_P_MOBHOC		= IEEE_J_PROC # " Workshop on Mobile and Ad Hoc Networking and Computing (MobiHOC)"}
@STRING{IEEE_P_ICC		= IEEE_J_PROC # " The International Conference on Communications (ICC)"}
@STRING{IEEE_P_VTC		= IEEE_J_PROC # " The Vehicular Technology Conference"}
@STRING{IEEE_P_AUTOID		= IEEE_J_PROC # " The Workshop on Automatic Identification Advanced Technologies"}
@STRING{IEEE_P_ICM		= "Proceedings of The International Conference on Microelectronics"}
@STRING{IEEE_P_SIRF		= IEEE_J_PROC # " The Topical Meeting on Silicon Monolithic Integrated Circiuts in RF Systems (SiRF)"}
@STRING{IEEE_P_GREENCOMM	= IEEE_J_PROC # " The Workshop on Green Communications (GreenComm)"}
@STRING{IEEE_P_GREENCOM_CPSCOM	= IEEE_J_PROC # " The International Conference on Green Computing and Communications \& International Conference on Cyber, Physical and Social Computing (GREENCOM-CPSCOM)"}
@STRING{IEEE_P_ISCC		= IEEE_J_PROC # " The International Symposium on Cumputers and Communications (ISCC)"}
@STRING{IEEE_P_HOTMOBILE	= IEEE_J_PROC # " The Workshop on Mobile Computing Systems and Applications (HOTMOBILE)"}
@STRING{IEEE_P_ASICON		= IEEE_J_PROC # " The International Conference on ASIC (ASICON)"}
@STRING{IEEE_P_ICCCN		= "Proceedings of The International Conference on Computer Communications and Networks (ICCCN)"}
@STRING{IEEE_P_RFIC		= IEEE_J_PROC # " The Radio Frequency Integrated Circuits Symposium (RFIC)"}
@STRING{IEEE_P_RAWCON		= IEEE_J_PROC # " The Radio and Wireless Symposium (RAWCON)"}
@STRING{IEEE_P_W_VITAE		= IEEE_J_PROC # " The International Conference on Wireless Communication, Vehicular Technology, Information Theory and Aerospace \& Electronic Systems Technology (Wireless Vitae)"}
@STRING{IEEE_P_GLOBECOM		= IEEE_J_PROC # " The Global Telecommunications Conference (GLOBECOM)"}
@STRING{IEEE_P_GLOBECOMW	= IEEE_J_PROC # " The Global Telecommunications Conference (GLOBECOM) Workshops"}
@STRING{IEEE_P_COMSWARE		= "Proceedings of The International Conference on Communication Systems Software and Middleware (COMSWARE)"}
@STRING{IEEE_P_IEDM		= IEEE_J_PROC # " The International Electron Devices Meeting (IEDM)"}
@STRING{IEEE_P_ICSPS		= "Proceedings of The International Conference on Signal Processing Systems"}
@STRING{IEEE_P_PORTABLE		= IEEE_J_PROC # " The International Conference on Portable Information Devices (PORTABLE)"}
@STRING{IEEE_P_MSCS		= "Proceedings of The Midwest Symposium on Circuits and Systems"}
@STRING{IEEE_P_CHINACOM		= "Proceedings of The International Conference on Communications and Networking in China (ChinaCom)"}
@STRING{IEEE_P_SECON		= IEEE_J_PROC # " The Communications Society Conference on Sensor, Mesh and Ad Hoc Communications and Networks (SECON)"}
@STRING{IEEE_P_SNPA		= IEEE_J_PROC # " The International Workshop on Sensor Network Protocols and Applications"}
@STRING{IEEE_P_BIO_WIRELESS	= IEEE_J_PROC # " The Topical Conference on Biomedical Radio and Wireless Technologies, Networks, and Sensing Systems"}
@STRING{IEEE_P_PIMRC		= IEEE_J_PROC # " The International Symposium on Personal, Indoor and Mobile Radio Communications (PIMRC)"}
@STRING{IEEE_P_ISWC		= IEEE_J_PROC # " The International Symposium on Wearable Computers (ISWC)"}
@STRING{IEEE_P_APSCC		= IEEE_J_PROC # " The Asia-Pacific Services Computing Conference (APSCC)"}
@STRING{IEEE_P_RO_MAN		= IEEE_J_PROC # " The International Symposium on Robot and Human Interactive Communication (RO-MAN)"}
@STRING{IEEE_P_ISM		= IEEE_J_PROC # " The International Symposium on Multimedia"}
@STRING{IEEE_P_ICADIWT		= IEEE_J_PROC # " The International Conference on the Applications of Digital Information and Web Technologies (ICADIWT)"}
@STRING{IEEE_P_CASON		= IEEE_J_PROC # " The International Conference on Computational Aspects of Social Networks (CASoN)"}
@STRING{IEEE_P_MULMED		= IEEE_J_PROC # " The International Conference on Multimedia and Expo"}
@STRING{IEEE_P_CCNC		= IEEE_J_PROC # " The Consumer Communications and Networking Conference (CCNC)"}
@STRING{IEEE_P_RIISS		= IEEE_J_PROC # " The Workshop on Robotic Intelligence in Informationally Structured Space (RIISS)"}
@STRING{IEEE_P_ICASSP		= IEEE_J_PROC # " The International Conference on Acoustics, Speech, and Signal Processing (ICASSP)"}
@STRING{IEEE_P_ISWPC		= "Proceedings of The International Symposium on Wireless Pervasive Computing (ISWPC)"}
@STRING{IEEE_P_VLSIC		= "Proceedings of The Symposium on VLSI Circuits (VLSIC)"}
@STRING{IEEE_P_PERCOM		= IEEE_J_PROC # " The International Conference on Pervasive Computing and Communications (PerCom)"}
@STRING{IEEE_P_WTS		= IEEE_J_PROC # " The Wireless Telecommunications Symposium (WTS)"}
@STRING{IEEE_P_IC_NIDC		= IEEE_J_PROC # " The International Conference on Network Infrastructure and Digital Content (IC-NIDC)"}
@STRING{IEEE_P_ICNP		= IEEE_J_PROC # " The International Conference on Network Protocols (ICNP)"}
@STRING{IEEE_P_AINA		= IEEE_J_PROC # " The International Conference on Advanced Information Networking and Applications (AINA)"}
@STRING{IEEE_P_MASS		= IEEE_J_PROC # " The International Conference on Mobile Ad-Hoc and Sensor Systems (MASS)"}
@STRING{IEEE_P_SOCC		= IEEE_J_PROC # " The International System-on-Chip Conference (SOCC)"}
@STRING{IEEE_P_DCC		= "Proceedings of The Data Compression Conference (DCC)"}
@STRING{IEEE_P_UIC		= IEEE_J_PROC # " The International Conference on Ubiquitous Intelligence and Computing (UIC)"}
@STRING{IEEE_P_WONS		= "Proceedings of The Annual Conference on Wireless On-demand Network Systems and Services (WONS)"}
@STRING{IEEE_P_IPCCC		= IEEE_J_PROC # " The International Performance Computing and Communications Conference (IPCCC)"}
@STRING{IEEE_P_ISCIT		= "Proceedings of The International Symposium on Communications and Information Technology (ISCIT)"}
@STRING{IEEE_P_ICESS		= IEEE_J_PROC # " The International Conference on Embedded Software and Systems (ICESS)"}
@STRING{IEEE_P_TENCON		= "Proceedings of The IEEE Region 10 Conference (TENCON)"}
@STRING{IEEE_P_ISSNIP		= IEEE_J_PROC # " The International Conference on Intelligent Sensors, Sensor Networks and Information Processing (ISSNIP)"}
@STRING{IEEE_P_VEHICULAR	= IEEE_J_PROC # " The International Conference on Advances in Vehicular Systems (VEHICULAR)"}
@STRING{IEEE_P_ITSC		= IEEE_J_PROC # " Conference on Intelligent Transportation Systems (ITSC)"}
@STRING{IEEE_P_IMTC		= IEEE_J_PROC # " Instrumentation and Measurement Technology Conference (IMTC)"}
@STRING{IEEE_D_PERCOM		= IEEE_J_PROC # " The International Conference on Pervasive Computing and Communications (PerCom), Demo"}


ACM

@STRING{ACM_J_ACM		= "Journal of the ACM (JACM)"}
@STRING{ACM_J_COM		= "Communications of the ACM"}
@STRING{ACM_J_MOBNET_APPL	= "Mobile Networks and Applications"}
@STRING{ACM_J_PROC		= "Proceedings of the {ACM}"}
@STRING{ACM_J_SIGOPS_OSR	= ACM_J_PROC # " Operating System Review (SIGOPS-OSR)"}
@STRING{ACM_J_SIGCOMM_CCR	= "ACM SIGCOMM Computer Communication Review (CCR)"}
@STRING{ACM_J_WINET		= "Wireless Networks"}
@STRING{ACM_J_TOCHI		= "ACM Transactions on Computer-Human Interaction (TOCHI)"}
@STRING{ACM_J_TOSN		= "ACM Transactions on Sensor Networks (TOSN)"}
@STRING{ACM_P_ASPLOS		= ACM_J_PROC # " International Conference on Architecture Support for Programming Languages and Operating Systems (ASPLOS)"}
@STRING{ACM_P_MOBICOM		= ACM_J_PROC # " International Conference on Mobile Computing and Networking (MobiCom)"}
@STRING{ACM_P_MOBISYS		= ACM_J_PROC # " International Conference on Mobile Systems, Applications, and Services (MobiSys)"}
@STRING{ACM_P_SOSP		= ACM_J_PROC # " Symposium on Operating System Principles"}
@STRING{ACM_P_DATE		= "Proceedings of Conference on Design, Automation and Test in Europe (DATE)"}
@STRING{ACM_P_UBICOMP		= ACM_J_PROC # " Conference on Ubiquitous Computing (Ubicomp)"}
@STRING{ACM_P_UBICOMP_ADJ	= ACM_J_PROC # " Conference Adjunct Papers on Ubiquitous Computing (Ubicomp Adjunct)"}
@STRING{ACM_P_WASUN		= ACM_J_PROC # " Workshop on Performance Evaluation of Wireless Ad Hoc, Sensor and Ubiquitous Networks"}
@STRING{ACM_P_SENSYS		= ACM_J_PROC # " Conference on Embedded Networked Sensor Systems (SenSys)"}
@STRING{ADM_P_SENSEID		= ACM_J_PROC # " Workshop on Convergence of RFID and Wireless Sensor Networks and their Applications (SenseID) at " # ACM_P_SENSYS}
@STRING{ACM_P_IPSN		= "Proceedings of the International Conference on Information Processing in Sensor Networks (IPSN)"}
@STRING{ACM_P_WWW		= "Proceedings of the International Conference on World Wide Web (WWW)"}
@STRING{ACM_P_WSNA		= ACM_J_PROC # " International Workshop on Wireless Sensor Networks and Applications (WSNA)"}
@STRING{ACM_P_GLSVLSI		= "Proceedings of the Great Lakes Symposium on VLSI (GLSVLSI)"}
@STRING{ACM_P_MOBIHOC		= ACM_J_PROC # " International Symposium on Mobile Ad Hoc Networking and Computing (MobiHoc)"}
@STRING{ACM_P_MOBIMEDIA		= ACM_J_PROC # " International Mobile Multimedia Communications Conference (MobiMedia)"}
@STRING{ACM_P_WINTECH		= ACM_J_PROC # " International Workshop on Experimental Evaluation and Characterization (WinTECH)"}
@STRING{ACM_P_CONEXT		= ACM_J_PROC # " International Conference on Emerging Networking Experiments and Technologies (CoNEXT)"}
@STRING{ACM_P_CHI		= ACM_J_PROC # " CHI Conference on Human Factors in Computing Systems (CHI)"}
@STRING{ACM_P_CHI_EA		= ACM_J_PROC # " CHI Conference Extended Abstracts on Human Factors in Computing Systems (CHI EA)"}
@STRING{ACM_P_IUI		= ACM_J_PROC # " International Conference on Intelligent User Interfaces (IUI)"}
@STRING{ACM_P_HCII		= ACM_J_PROC # " International Conference on Human-Computer Interaction (HCI)"}
@STRING{ACM_P_PETRA		= ACM_J_PROC # " International Conference on Pervasive Technologies Related to Assistive Environments (PETRA)"}
@STRING{ACM_P_MMM		= ACM_J_PROC # " International Multimedia Modeling Conference (MMM)"}
@STRING{ACM_P_CEA2009		= ACM_J_PROC # " Multimedia 2009 Workshop on Multimedia for Cooking and Eating Activities (CEA)"}
@STRING{ACM_P_IOT		= "Proceedings of the International Conference on Internet of Things (IoT)"}
@STRING{ACM_P_IVA		= "Proceedings of the International Conference on Intelligent Virtual Agents (IVA)"}
@STRING{ACM_P_PERSUASIVE	= "Proceedings of the International Conference on Persuasive Technology (PERSUASIVE)"}
@STRING{ACM_P_MULTIMEDIA	= ACM_J_PROC # " International Conference on Multimedia (MULTIMEDIA)"}
@STRING{ACM_P_PERVASIVE		= ACM_J_PROC # " International Conference on Pervasive Computing (PERVASIVE)"}
@STRING{ACM_P_PCM		= ACM_J_PROC # " Pacific Rim Conference on Multimedia (PCM)"}
@STRING{ACM_P_EICS		= ACM_J_PROC # " SIGCHI Symposium on Engineering Interactive Computing System (EICS)"}
@STRING{ACM_P_ACE		= ACM_J_PROC # " International Conference on Advances in Computer Entertainment Technology (ACE)"}
@STRING{ACM_P_SESENA		= ACM_J_PROC # " Workshop on Software Engineering for Sensor Network Applications (SESENA)"}
@STRING{ACM_P_ACCESSNETS	= ACM_J_PROC # " International Conference on Access Networks (AccessNets)"}
@STRING{ACM_P_MELT		= ACM_J_PROC # " International Workshop on Mobile Entity Localization and Tracking in GPS-less Environments (MELT)"}
@STRING{ACM_D_SENSYS		= "ACM Conference on Embedded Networked Sensor Systems (SenSys) Demonstration"}
@STRING{ACM_D_HOTMOBILE		= "Proceedings of the International Workshop on Mobile Computing Systems and Applications (HotMobile), Demonstration"}
@STRING{ACM_DP_IPSN		= "Proceedings of the International Conference on Information Processing in Sensor Networks (IPSN) Poster"}

@STRING{ACM_LNCS		= "Lecture Notes in Computer Science (LNCS)"}
@STRING{ACM_LNAI		= "Lecture Notes in Artificial Intelligence (LNAI)"}
@STRING{ACM_LNICST		= "Lecture Notes of the Institute for Computer Sciences, Social Informatics and Telecommunications Engineering (LNICST)"}


IET

@STRING{IET_J_COMP_CONT_ENG	= "Computing \& Control Engineering Journal"}


Miscellaneous

@STRING{MISC_J_SCI_EXP		= "Science Express"}
@STRING{MISC_J_ANN_PHY		= "Annal of Physics"}
@STRING{MISC_J_APP_ENERGY	= "Applied Energy"}
@STRING{MISC_J_MD_BG		= "Medical and Biological Engineering and Computing"}
@STRING{MISC_J_SNAC_PHY		= "Sensors and Actuators A: Physical"}
@STRING{MISC_J_NANOBIO		= "IET Nanobiotechnology"}
@STRING{MISC_J_IET_CIRC_DEV_SYS	= "IET Circuits, Devices \& Systems"}
@STRING{MISC_J_BIOMDEV		= "Biomedical Microdevices"}
@STRING{MISC_J_ECE		= "Embedded Control Europe Magazine"}
@STRING{MISC_J_INET_MATH	= "Journal of Internet Mathematics"}
@STRING{MISC_J_PANA_TECH	= "Matsushita Technical Journal"}
@STRING{MISC_J_APP_PHY		= "Journal of Applied Physics"}
@STRING{MISC_J_SSCOM		= "Solid State Communications"}
@STRING{MISC_J_ADV_MATER	= "Advanced Materials"}
@STRING{MISC_J_PHYS_REV_B	= "Physical Review B"}
@STRING{MISC_J_IJWIN		= "International Journal of Wireless Information Networks"}
@STRING{MISC_J_IJSNET		= "International Journal of Sensor Networks"}
@STRING{MISC_J_MSCI_TECH	= "Journal of Measurement Science and Technology"}
@STRING{MISC_J_PHY_MEAS		= "Journal of Physiological Measurement"}
@STRING{MISC_J_VLSI_SIGP	= "Journal of VLSI Signal Processing"}
@STRING{MISC_J_EURASIP		= "EURASIP Journal on Applied Signal Processing"}
@STRING{MISC_J_CLI_HYPER	= "The Journal of Clinical Hypertension"}
@STRING{MISC_J_EURONEURO	= "European Neuropsychopharmacology"}
@STRING{MISC_J_INTNEURO		= "International Journal of Neuropsychopharmacology"}
@STRING{MISC_J_AMJPSY		= "American Journal of Psychiatry"}
@STRING{MISC_J_OP_PHARMACOL	= "The Open Pharmacology Journal"}
@STRING{MISC_J_SAND_CARING_SCI	= "Scandinavian Journal of Caring Sciences"}
@STRING{MISC_J_BELL_SYST	= "Bell System Technical Journal"}
@STRING{MISC_J_SIAM		= "Journal of the Society for Industrial and Applied Mathematics"}
@STRING{MISC_J_SIAM_COM		= "SIAM Journal of Computing"}
@STRING{MISC_J_AI_MAG		= "AI Magazine"}
@STRING{MISC_J_SM_HOME		= "International Journal of Smart Home"}
@STRING{MISC_J_ROB_MECH		= "Journal of Robotics and Mechatronics"}
@STRING{MISC_J_PER_UBICOMP	= "Journal of Personal and Ubiquitous Computing"}
@STRING{MISC_J_OPR_MANAG	= "Journal of Operations Management"}
@STRING{MISC_J_COM_COM		= "Journal of Computer Communications"}
@STRING{MISC_J_INF_CTL		= "Information and Control"}
@STRING{MISC_J_PMCJ		= "Pervasive and Mobile Computing"}
@STRING{MISC_J_JCM		= "Journal of Communications"}
@STRING{MISC_J_CTA		= "Journal of Control Theory and Applications"}
@STRING{MISC_J_JWCN		= "EURASIP Journal on Wireless Communications and Networking"}
@STRING{MISC_J_DSN		= "International Journal of Distributed Sensor Networks"}
@STRING{MISC_J_PTRS_A		= "Philosophical Transactions of The Royal Society A"}
@STRING{MISC_J_MOUNT_ECO	= "Journal of Mountain Ecology"}
@STRING{MISC_J_BIOGEOGRAPHY	= "Journal of Biogeography"}
@STRING{MISC_JL_APP_PHY		= "Applied Physics Letters"}
@STRING{MISC_JL_NANO		= "Nano Letters"}
@STRING{MISC_P_ICREPQ		= "Proceedings of International Conference on Renewable Energies and Power Quality (ICREPQ)"}
@STRING{MISC_P_SENSORCOMM	= "Proceedings of International Conference on Sensor Technologies and Applications"}
@STRING{MISC_P_ISLPED		= "Proceedings of International Symposium on Low Power Electronics and Design"}
@STRING{MISC_P_MICRO		= "Proceedings of Annual {IEEE/ACM} International Symposium on Microarchitecture"}
@STRING{MISC_P_INSS		= "Proceedings of International Workshop on Networked Sensing Systems (INSS)"}
@STRING{MISC_P_IMOC		= "Proceedings of {SBMO/IEEE MTT-S} International Microwave and Optoelectronics Conference (IMOC)"}
@STRING{MISC_P_MWSYM		= "Proceedings of {IEEE/MTT-S} International Microwave Symposium"}
@STRING{MISC_P_EUSIPCO		= "Proceedings of European Signal Processing Conference (EUSIPCO)"}
@STRING{MISC_P_ICACT		= "Proceedings of International Conference on Advanced Communication Technology (ICACT)"}
@STRING{MISC_P_EUMC		= "Proceedings of European Microwave Conference (EuMC)"}
@STRING{MISC_P_NSDI		= "Proceedings of USENIX Symposium on Networked Systems Design and Implementation (NSDI)"}
@STRING{MISC_P_CSA		= "Proceedings of International Symposium on Computer Science and its Applications (CSA)"}
@STRING{MISC_P_AWD_FMCS		= "Proceedings of International Symposium on Acoustic Wave Devices for Future Mobile Communication Systems"}
@STRING{MISC_P_IMPACT		= "Proceedings of International Multimedia, Signal Processing and Communication Technologies (IMPACT)"}
@STRING{MISC_P_PERV_HEALTH	= "Proceedings of International Conference on Pervasive Computing Technologies for Healthcare"}
@STRING{MISC_P_ICCE		= "International Conference on Consumer Electronics (ICCE) Digest of Technical Papers"}
@STRING{MISC_P_VLSID		= "International Conference on VLSI Design (VLSID)"}
@STRING{MISC_P_ASP_DAC		= "Asia and South Pacific Design Automation Conference (ASP-DAC)"}
@STRING{MISC_P_MMCN		= "Proceedings of Multimedia Communication and Networking (MMCN)"}
@STRING{MISC_P_MOBIQUITOUS	= "Proceedings of International Conference on Mobile and Ubiquitous Systems: Computing, Networking, and Services (Mobiquitous)"}
@STRING{MISC_P_BROADNETS	= "Proceedings of International Conference on Broadband Communications, Networks, and Systems (BROADNETS)"}
@STRING{MISC_P_HOTEMNETS	= "Proceedings of Workshop on Hot Topics in Embedded Networked Sensors (HotEmNets)"}
@STRING{MISC_P_SCD		= "Proceedings of Semiconductor Conference Dresden (SCD)"}
@STRING{MISC_P_BCS_HCI		= "Proceedings of British HCII Group Annual Conference on People and Computers: Celebrating People and Technology (BCS-HCI)"}
@STRING{MISC_P_IROS		= "Proceedings of {IEEE/RSJ} International Conference on Intelligent Robots and Systems (IROS)"}
@STRING{MISC_P_IMECS		= "Proceedings of International MultiConference of Engineers and Computer Scientists"}
@STRING{MISC_P_IRAL		= "Proceedings of International Workshop on Information Retrieval with Asian Languages (IRAL)"}
@STRING{MISC_P_ICRERA		= "Proceedings of International Conference on Renewable Energy Research and Applications (ICRERA)"}
@STRING{MISC_P_BODYNETS		= "Proceedings of International Conference on Body Area Networks (BodyNets)"}
@STRING{MISC_P_CCIS		= "Advances in Wireless Sensor Networks, Communications in Computer and Information Science"}
@STRING{MISC_P_ESA		= "Proceedings of International Conference on Embedded Systems and Applications (ESA)"}
@STRING{MISC_P_ITSWC		= "Proceedings of World Congress and Exhibition on Intelligent Transport Systems and Services (ITS World Congress)"}
@STRING{MISC_P_ICACSIS		= "Proceedings of International Conference on Advanced Computer Science and Information Systems (ICACSIS)"}
@STRING{MISC_A_CONEXT_SW	= "Extended Abstract of ACM CoNEXT Student Workshop"}


IEICE

@STRING{IEICEJ_M		= "電子情報通信学会誌"}
@STRING{IEICEJ_J_		= "電子情報通信学会論文誌"}
@STRING{IEICEJ_J_A		= IEICEJ_J_ # "A: 基礎・境界"}
@STRING{IEICEJ_J_B		= IEICEJ_J_ # "B: 通信"}
@STRING{IEICEJ_J_C		= IEICEJ_J_ # "C: エレクトロニクス"}
@STRING{IEICEJ_J_D		= IEICEJ_J_ # "D: 情報・システム"}
@STRING{IEICEJ_J_FR		= "IEICE Fundamentals Review"}
@STRING{IEICEJ_ST		= "電子情報通信学会総合大会"}
@STRING{IEICEJ_SO		= "電子情報通信学会ソサイエティ大会"}
@STRING{IEICEJ_T		= "電子情報通信学会技術報告"}
@STRING{IEICEJ_T_ASN		= "知的環境とセンサネットワーク研究会"}
@STRING{IEICEJ_T_AP		= "アンテナ・伝播研究会"}
@STRING{IEICEJ_T_SPS		= "宇宙太陽発電時限研究専門委員会研究会"}
@STRING{IEICEJ_T_IN		= "情報ネットワーク研究会"}
@STRING{IEICEJ_T_RCS		= "無線通信システム研究会"}
@STRING{IEICEJ_T_RRRC		= "高信頼制御通信研究会"}
@STRING{IEICEJ_T_SN		= "センサネットワーク研究会"}
@STRING{IEICEJ_T_AN		= "アドホックネットワーク研究会"}
@STRING{IEICEJ_T_NS		= "ネットワークシステム研究会"}
@STRING{IEICEJ_T_CS		= "通信方式研究会"}
@STRING{IEICEJ_T_MVE		= "マルチメディア・仮想環境基礎研究会"}
@STRING{IEICEJ_T_MOMUC		= "モバイルマルチメディア通信研究会"}
@STRING{IEICEJ_T_MONA		= "モバイルネットワークとアプリケーション研究会"}

@STRING{IEICE_J_		= "{IEICE} Transaction"}
@STRING{IEICE_J_A		= IEICE_J_ # " A: Fundamentals of Electronics, Communications and Computer Sciences"}
@STRING{IEICE_J_B		= IEICE_J_ # " B: Communications"}
@STRING{IEICE_J_C		= IEICE_J_ # " C: Electronics"}
@STRING{IEICE_J_D		= IEICE_J_ # " D: Information and Systems"}
@STRING{IEICE_T			= "IEICE Technical Report"}
@STRING{IEICE_T_NS		= "Technical Committee on Network Systems"}

@STRING{IEICE_C_APSITT		= "Proceedings of Asia-Pacific Symposium on Information and Telecommunication Technologies (APSITT)"}


IPSJ

@STRING{IPSJJ_T_		= "情報処理学会研究報告"}
@STRING{IPSJJ_T_UBI		= "ユビキタスコンピューティングシステム研究会"}
@STRING{IPSJJ_T_ITS		= "高度交通システム研究会"}
@STRING{IPSJJ_T_MBL		= "モバイルコンピューティングとユビキタス通信研究会"}
@STRING{IPSJJ_T_SE		= "ソフトウェア工学研究会"}
@STRING{IPSJJ_P_DICOMO		= "情報処理学会マルチメディア, 分散, 協調とモバイルシンポジウム（DICOMO）"}
@STRING{IPSJJ_P_ESS		= "情報処理学会 組込みシステムシンポジウム"}
@STRING{IPSJ_P_CANDAR		= "Proceedings of International Symposium on Computing and Networking (CANDAR)"}


IEE

@STRING{IEE_J_PROC_COM		= "IEE Proceedings-Communications"}
@STRING{IEEJ_M			= "電気学会誌"}
@STRING{IEEJ_P_AM_EN_ST		= "電気学会自動車研究会 自動車用エネルギーストレージ"}
@STRING{IEEJ_P_APP_INDS		= "電気学会産業応用部門大会"}


Miscellaneous_Japanese

@STRING{MISCJ_T_SHARP		= "シャープ技報"}
@STRING{MISCJ_JSSST		= "日本ソフトウェア科学会"}
@STRING{MISCJ_J_NTT		= "NTT技術ジャーナル"}
@STRING{MISCJ_MAMMAL		= "哺乳類科学"}
@STRING{MISCJ_JSCE              = "土木計画学研究発表会講演集"}
@STRING{MISCJ_MLIT_HOKU         = "国土交通省北陸地方整備局 事業研究発表会資料集"}
@STRING{MISCJ_PWRC              = "土木技術資料"}
@STRING{MISCJ_ASJ_TAIKAI        = "日本音響学会研究発表会講演論文集"}
@STRING{MISCJ_DOBOKU		= "土木情報システム論文集"}
@STRING{MISCJ_KOTSU		= "交通工学"}
