@InProceedings{mlab/ishida06:percom_demo,
  author = 	 {Ishida, Shigemi and Minami, Masateru and Nishizawa, Youhei and Morito, Takashi and Moriyama, Yusuke and Morikawa, Hiroyuki and Aoyama, Tomonori},
  title = 	 {Three Devices for Tackling Practical Problems in Pervasive Computing},
  OPTcrossref =  {},
  OPTkey = 	 {},
  booktitle =	 IEEE_D_PERCOM,
  pages = 	 {1},
  year = 	 {2006},
  OPTeditor = 	 {},
  OPTvolume = 	 {},
  OPTnumber = 	 {},
  OPTseries = 	 {},
  OPTaddress = 	 {Pisa, Italy},
  month = 	 mar,
  OPTorganization = {},
  publisher =	 {D8},
  OPTnote = 	 {},
  OPTannote = 	 {}
}

@InProceedings{mlab/matsui07:wake-up_st,
  author = 	 {松井 壮介 and 石田 繁巳 and 鈴木 誠 and 猿渡 俊介 and 森川 博之},
  title = 	 {実験的アプローチによるシングルホップ通信とマルチホップ通信の消費電力の比較},
  OPTcrossref =  {},
  OPTkey = 	 {},
  booktitle =	 IEICEJ_ST,
  pages = 	 {1},
  year = 	 {2007},
  OPTeditor = 	 {},
  OPTvolume = 	 {},
  OPTnumber = 	 {},
  OPTseries = 	 {},
  OPTaddress = 	 {},
  month = 	 mar,
  OPTorganization = {},
  publisher =	 {A-21-22},
  OPTnote = 	 {},
  OPTannote = 	 {}
}

@InProceedings{mlab/ishida07:wake-up_st,
  author = 	 {石田 繁巳 and 猿渡 俊介 and 鈴木 誠 and 森川 博之},
  title = 	 {サービス発見のためのゼロ受信待機電力無線システムの設計},
  OPTcrossref =  {},
  OPTkey = 	 {},
  booktitle =	 IEICEJ_ST,
  pages = 	 {1},
  year = 	 {2007},
  OPTeditor = 	 {},
  OPTvolume = 	 {},
  OPTnumber = 	 {},
  OPTseries = 	 {},
  OPTaddress = 	 {},
  month = 	 mar,
  OPTorganization = {},
  publisher =	 {B-7-202},
  OPTnote = 	 {},
  OPTannote = 	 {}
}

@InProceedings{mlab/ishida08:wake-up_st,
  author = 	 {石田 繁巳 and 鈴木 誠 and 森戸 貴 and 森川 博之},
  title = 	 {低受信待機電力無線通信のための階層型ウェイクアップ機構},
  OPTcrossref =  {},
  OPTkey = 	 {},
  booktitle =	 IEICEJ_ST,
  pages = 	 {1},
  year = 	 {2008},
  OPTeditor = 	 {},
  OPTvolume = 	 {},
  OPTnumber = 	 {},
  OPTseries = 	 {},
  OPTaddress = 	 {},
  month = 	 mar,
  OPTorganization = {},
  publisher =	 {B-5-112},
  OPTnote = 	 {},
  OPTannote = 	 {}
}

@InProceedings{mlab/ishida08:wakeup_in,
  author = 	 {石田 繁巳 and 鈴木 誠 and 森戸 貴 and 森川 博之},
  title = 	 {低受信待機電力無線通信のための多段ウェイクアップ機構},
  OPTcrossref =  {},
  OPTkey = 	 {},
  booktitle =    IEICEJ_T,
  pages = 	 {355--360},
  year = 	 {2008},
  OPTeditor = 	 {},
  OPTvolume = 	 {},
  OPTnumber = 	 {},
  OPTseries = 	 {},
  OPTaddress = 	 {},
  month = 	 mar,
  OPTorganization = {},
  publisher =	 IEICEJ_T_IN # "（IN2007-218）",
  OPTnote = 	 {},
  OPTannote = 	 {}
}

@InProceedings{mlab/takiguchi09:wakeup_greencomm,
  author = 	 {Takiguchi, Takahiro and Saruwatari, Shunsuke and Morito, Takashi and Ishida, Shigemi and Minami, Masateru and Morikawa, Hiroyuki},
  title = 	 {A Novel Wireless Wake-up Mechanism for Energy-efficient Ubiquitous Networks},
  OPTcrossref =	 {GreenComm2009},
  OPTkey = 	 {},
  booktitle =	 IEEE_P_GREENCOMM,
  pages = 	 {1--5},
  year = 	 {2009},
  OPTeditor = 	 {},
  OPTvolume = 	 {},
  OPTnumber = 	 {},
  OPTseries = 	 {},
  OPTaddress = 	 {},
  month = 	 jun,
  OPTorganization = {},
  OPTpublisher = {},
  OPTnote = 	 {},
  OPTannote = 	 {}
}

@Unpublished{mlab/ishida09:inria,
  author = 	 {Ishida, Shigemi},
  title = 	 {Wake-up Wireless Communication System for Energy-Efficient Ubiquitous Network},
  note = 	 {INRIA-TODAI Workshop (GCOE-INRIA Workshop), oral presentation},
  OPTkey = 	 {},
  month = 	 dec,
  year = 	 {2009},
  OPTaddress = 	 {Versailles, France},
  OPTannote = 	 {}
}

@InProceedings{mlab/takiguchi10:bloom_rcs,
  author = 	 {瀧口 貴啓 and 石田 繁巳 and 猿渡 俊介 and 南 正輝 and 森川 博之},
  title = 	 {ブルームフィルタを用いたウェイクアップ型無線通信システムの消費電力評価},
  OPTcrossref =  {},
  OPTkey = 	 {},
  booktitle =    IEICEJ_T,
  pages = 	 {269--274},
  year = 	 {2010},
  OPTeditor = 	 {},
  OPTvolume = 	 {},
  OPTnumber = 	 {},
  OPTseries = 	 {},
  OPTaddress = 	 {},
  month = 	 jan,
  OPTorganization = {},
  publisher =	 IEICEJ_T_RCS # "（RCS2009-254）",
  OPTnote = 	 {},
  OPTannote = 	 {}
}

@Unpublished{mlab/ishida10:hakone_mct,
  author = 	 {Ishida, Shigemi},
  title = 	 {Design of a Zero-Power-Listening Wireless System for Service Discovery},
  note = 	 {1st International Workshop on Microwatt Communication Technology},
  OPTkey = 	 {},
  month = 	 jan,
  year = 	 {2010},
  OPTaddress =	 {Hakone, Japan},
  OPTannote = 	 {}
}

@InProceedings{mlab/ishida10:apsitt,
  author = 	 {Ishida, Shigemi and Takiguchi, Takahiro and Saruwatari, Shunsuke and Minami, Masateru and Morikawa, Hiroyuki},
  title = 	 {Evaluation of a Wake-up Wireless Module with {Bloom}-Filter-Based {ID} Matching},
  OPTcrossref =  {},
  OPTkey = 	 {},
  booktitle =	 IEICE_C_APSITT,
  pages = 	 {1--6},
  year = 	 {2010},
  OPTeditor = 	 {},
  OPTvolume = 	 {},
  OPTnumber = 	 {},
  OPTseries = 	 {},
  OPTaddress = 	 {Kuching, Sarawak, Malaysia},
  month = 	 jun,
  OPTorganization = {},
  OPTpublisher = {},
  OPTnote = 	 {},
  OPTannote = 	 {}
}

@InProceedings{mlab/ishida10:wake-up_imple,
  author = 	 {石田 繁巳 and 瀧口 貴啓 and 猿渡 俊介 and 南 正輝 and 森川 博之},
  title = 	 {ウェイクアップ型無線通信のためのグループ指定可能{ID}マッチング機構の実装},
  OPTcrossref =  {},
  OPTkey = 	 {},
  booktitle =	 IEICEJ_SO,
  pages = 	 {1},
  year = 	 {2010},
  OPTeditor = 	 {},
  OPTvolume = 	 {},
  OPTnumber = 	 {},
  OPTseries = 	 {},
  OPTaddress = 	 {},
  month = 	 sep,
  OPTorganization = {},
  publisher =	 {B-5-140},
  OPTnote = 	 {},
  OPTannote = 	 {}
}

@Unpublished{mlab/ishida10:iot,
  author = 	 {Ishida, Shigemi and Takiguchi, Takahiro and Saruwatari, Shunsuke and Minami, Masateru and Morikawa, Hiroyuki},
  title = 	 {Implementation of {Bloom}-Filter-Based {ID} Matching for Wake-up Wireless Communication},
  note = 	 {Internet of Things 2010 Conference (IoT 2010), Poster},
  OPTkey = 	 {},
  month = 	 dec,
  year = 	 {2010},
  OPTaddress =	 {Tokyo, Japan},
  OPTannote = 	 {}
}

@Unpublished{mlab/ishida10:google_workshop,
  author = 	 {Ishida, Shigemi},
  title = 	 {Wake-up Wireless Communication System},
  note = 	 {Tech Talks and Mix at Google Tokyo, oral presentation},
  OPTkey = 	 {},
  month = 	 dec,
  year = 	 {2010},
  OPTaddress =	 {Tokyo, Japan},
  OPTannote = 	 {}
}

@Unpublished{mlab/kak-t10:health_poster,
  author = 	 {角田 仁 and 中嶋 毅彰 and 石田 繁巳 and 猿渡 俊介 and 森川 博之},
  title = 	 {社会実装に向けたヘルスケア情報共有基盤},
  note = 	 {第5回人間情報学会講演会，ポスター},
  OPTkey = 	 {},
  month = 	 dec,
  year = 	 {2010},
  OPTannote = 	 {}
}

@InProceedings{mlab/ishida11:wake-up_sogo,
  author = 	 {石田 繁巳 and 瀧口 貴啓 and 猿渡 俊介 and 森川 博之},
  title = 	 {ブルームフィルタを用いたウェイクアップ型無線通信システムにおける{ID}長の影響},
  OPTcrossref =  {},
  OPTkey = 	 {},
  booktitle =	 IEICEJ_ST,
  pages = 	 {1},
  year = 	 {2011},
  OPTeditor = 	 {},
  OPTvolume = 	 {},
  OPTnumber = 	 {},
  OPTseries = 	 {},
  OPTaddress = 	 {},
  month = 	 mar,
  OPTorganization = {},
  publisher =	 {B-5-146},
  OPTnote = 	 {},
  OPTannote = 	 {}
}

@InProceedings{mlab/takiguchi11:wake-up_sogo,
  author = 	 {瀧口 貴啓 and 石田 繁巳 and 岸 孝彦 and 丹羽 栄二 and 見並 一明 and 猿渡 俊介 and 森川 博之},
  title = 	 {車両内ウェイクアップ型無線通信における数個のビット不一致許容{ID}マッチング},
  OPTcrossref =  {},
  OPTkey = 	 {},
  booktitle =	 IEICEJ_ST,
  pages = 	 {1},
  year = 	 {2011},
  OPTeditor = 	 {},
  OPTvolume = 	 {},
  OPTnumber = 	 {},
  OPTseries = 	 {},
  OPTaddress = 	 {},
  month = 	 mar,
  OPTorganization = {},
  publisher =	 {B-5-145},
  OPTnote = 	 {},
  OPTannote = 	 {}
}

@InProceedings{mlab/okamura11:sogo,
  author = 	 {岡村 悠貴 and 鈴木 誠 and 石田 繁巳 and 今泉 英明 and 関谷 勇司 and 森川 博之 },
  title = 	 {非同期光パケットリングにおける高帯域利用効率パケット選択方式},
  OPTcrossref =  {},
  OPTkey = 	 {},
  booktitle =	 IEICEJ_ST,
  pages = 	 {1},
  year = 	 {2011},
  OPTeditor = 	 {},
  OPTvolume = 	 {},
  OPTnumber = 	 {},
  OPTseries = 	 {},
  OPTaddress = 	 {},
  month = 	 mar,
  OPTorganization = {},
  publisher =	 {B-10-96},
  OPTnote = 	 {},
  OPTannote = 	 {}
}

@InProceedings{mlab/takiguchi11:wakeup_in,
  author = 	 {瀧口 貴啓 and 石田 繁巳 and 岸 孝彦 and 丹羽 栄二 and 見並 一明 and 猿渡 俊介 and 森川 博之},
  title = 	 {ウェイクアップ型無線通信におけるビット不一致許容{ID}マッチング},
  OPTcrossref =  {},
  OPTkey = 	 {},
  booktitle =	 IEICEJ_T,
  pages = 	 {193--198},
  year = 	 {2011},
  OPTeditor = 	 {},
  OPTvolume = 	 {110},
  OPTnumber = 	 {449},
  OPTseries = 	 {},
  OPTaddress = 	 {},
  month = 	 mar,
  OPTorganization = {},
  publisher =	 IEICEJ_T_IN # "（IN2010-176）",
  OPTnote = 	 {},
  OPTannote = 	 {}
}

@InProceedings{mlab/ishida11:mixer_sotai,
  author = 	 {石田 繁巳 and 鈴木 誠 and 森川 博之},
  title = 	 {サブスレッショルド特性を利用するウェイクアップ受信機用ミキサの初期的検討},
  OPTcrossref =  {},
  OPTkey = 	 {},
  booktitle =	 IEICEJ_SO,
  pages = 	 {1},
  year = 	 {2011},
  OPTeditor = 	 {},
  OPTvolume = 	 {},
  OPTnumber = 	 {},
  OPTseries = 	 {},
  OPTaddress = 	 {},
  month = 	 sep,
  OPTorganization = {},
  publisher =	 {C-12-16},
  OPTnote = 	 {},
  OPTannote = 	 {}
}

@InProceedings{mlab/kim11:spectrum_sotai,
  author = 	 {金 昊俊 and 長縄 潤一 and 石田 繁巳 and 鈴木 誠 and 森川 博之},
  title = 	 {可変{RBW}を用いた周波数占有率の測定精度の初期的評価},
  OPTcrossref =  {},
  OPTkey = 	 {},
  booktitle =	 IEICEJ_SO,
  pages = 	 {1},
  year = 	 {2011},
  OPTeditor = 	 {},
  OPTvolume = 	 {},
  OPTnumber = 	 {},
  OPTseries = 	 {},
  OPTaddress = 	 {},
  month = 	 sep,
  OPTorganization = {},
  publisher =	 {B-17-8},
  OPTnote = 	 {},
  OPTannote = 	 {}
}

@InProceedings{mlab/nakamura11:co2_visual_sotai,
  author = 	 {中村 元紀 and 中村 隆幸 and 荒川 豊 and 東島由佳 and 柏木 啓一郎 and 森 皓平 and 松村 一 and 石田 繁巳 and 猿渡 俊介 and 翁長 久 and 森川 博之},
  title = 	 {{uTupleSpace}を利用した$\mathrm{CO_2}$排出量可視化の実証実験},
  OPTcrossref =  {},
  OPTkey = 	 {},
  booktitle =	 IEICEJ_SO,
  pages = 	 {1},
  year = 	 {2011},
  OPTeditor = 	 {},
  OPTvolume = 	 {},
  OPTnumber = 	 {},
  OPTseries = 	 {},
  OPTaddress = 	 {},
  month = 	 sep,
  OPTorganization = {},
  publisher =	 {B-19-21},
  OPTnote = 	 {},
  OPTannote = 	 {}
}

@Article{mlab/ishida11:wake-up_ieice_trans,
  author = 	 {石田 繁巳 and 瀧口 貴啓 and 猿渡 俊介 and 南 正輝 and 森川 博之},
  title = 	 {ブルームフィルタを用いたウェイクアップ型通信システム},
  journal = 	 IEICEJ_J_B,
  year = 	 {2011},
  OPTkey = 	 {},
  volume = 	 {J94-B},
  number = 	 {10},
  pages = 	 {1397--1407},
  month = 	 oct,
  OPTnote = 	 {},
  OPTannote = 	 {}
}

@InProceedings{mlab/nakajima12:spfc_sogo,
  author = 	 {中嶋 毅彰 and 米川 慧 and 石田 繁巳 and 鈴木 誠 and 森川 博之},
  title = 	 {多様なサービス電力の発見・割当て・制御機構},
  OPTcrossref =  {},
  OPTkey = 	 {},
  booktitle =	 IEICEJ_ST,
  pages = 	 {1},
  year = 	 {2012},
  OPTeditor = 	 {},
  OPTvolume = 	 {},
  OPTnumber = 	 {},
  OPTseries = 	 {},
  OPTaddress = 	 {},
  month = 	 mar,
  OPTorganization = {},
  publisher =	 {BS-4-2},
  OPTnote = 	 {},
  OPTannote = 	 {}
}

@InProceedings{mlab/ishida12:mds_wake_its,
  author = 	 {石田 繁巳 and 猿渡 俊介 and 森川 博之},
  title = 	 {ワイヤレスハーネスのための2進{MDS-ID}マッチング型ウェイクアップ通信の評価},
  OPTcrossref =  {},
  OPTkey = 	 {},
  booktitle =	 IPSJJ_T_,
  pages = 	 {1--8},
  year = 	 {2012},
  OPTeditor = 	 {},
  OPTvolume = 	 {},
  OPTnumber = 	 {},
  OPTseries = 	 {},
  OPTaddress = 	 {},
  month = 	 jun,
  OPTorganization = {},
  publisher =	 IPSJJ_T_ITS # "（ITS49-3）",
  OPTnote = 	 {},
  OPTannote = 	 {}
}

@InProceedings{mlab/okui12:sensys_demo,
  author = 	 {Okui, Hiroki and Suzuki, Makoto and Lee, Doohwan and Ishida, Shigemi and Morikawa, Hiroyuki},
  title = 	 {Preambleless {TDD/TDMA} {OFDM} System for Real-Time Wireless Control Networks},
  OPTcrossref =  {},
  OPTkey = 	 {},
  booktitle =	 ACM_D_SENSYS,
  pages = 	 {369--370},
  year = 	 {2012},
  OPTeditor = 	 {},
  OPTvolume = 	 {},
  OPTnumber = 	 {},
  OPTseries = 	 {},
  OPTaddress = 	 {Toronto, Canada},
  month = 	 nov,
  OPTorganization = {},
  OPTpublisher = {},
  OPTnote = 	 {},
  OPTannote = 	 {}
}

@InProceedings{mlab/kyone12:icrera,
  author = 	 {Yonekawa, Kei and Ishida, Shigemi and Suzuki, Makoto and Morikawa, Hiroyuki},
  title = 	 {The Design and Implementation of Power Service Discovery System in Distributed Generation Environment},
  OPTcrossref =  {},
  OPTkey = 	 {},
  booktitle =	 MISC_P_ICRERA,
  pages = 	 {1--6},
  year = 	 {2012},
  OPTeditor = 	 {},
  OPTvolume = 	 {},
  OPTnumber = 	 {},
  OPTseries = 	 {},
  OPTaddress = 	 {Nagasaki, Japan},
  month = 	 nov,
  OPTorganization = {},
  OPTpublisher = {},
  OPTnote = 	 {},
  OPTannote = 	 {}
}

@InProceedings{mlab/okui13:rrrc,
  author = 	 {奥井 寛樹 and 石田 繁巳 and 鈴木 誠 and 森川 博之},
  title = 	 {制御用無線ネットワーク向け高信頼低遅延{OFDM}システムの評価},
  OPTcrossref =  {},
  OPTkey = 	 {},
  booktitle =	 IEICEJ_T,
  pages = 	 {1--6},
  year = 	 {2013},
  OPTeditor = 	 {},
  OPTvolume = 	 {},
  OPTnumber = 	 {},
  OPTseries = 	 {},
  OPTaddress = 	 {},
  month = 	 jan,
  OPTorganization = {},
  publisher =	 IEICEJ_T_RRRC # "（RRRC2012-24）",
  OPTnote = 	 {},
  OPTannote = 	 {},
  OPTnote = 	 {},
  OPTannote = 	 {}
}

@InProceedings{mlab/okui13:sogo,
  author = 	 {奥井 寛樹 and 鈴木 誠 and 石田 繁巳 and 森川 博之},
  title = 	 {プリアンブルレス{OFDM}における位相オフセット補正に関する検討},
  OPTcrossref =  {},
  OPTkey = 	 {},
  booktitle =	 IEICEJ_ST,
  pages = 	 {1},
  year = 	 {2013},
  OPTeditor = 	 {},
  OPTvolume = 	 {},
  OPTnumber = 	 {},
  OPTseries = 	 {},
  OPTaddress = 	 {},
  month = 	 mar,
  OPTorganization = {},
  publisher =	 {B-5-137},
  OPTnote = 	 {},
  OPTannote = 	 {}
}

@InProceedings{mlab/david13:sogo,
  author = 	 {Gonzalez, David and Lee, Doohwan and Ishida, Shigemi and Suzuki, Makoto and Morikawa, Hiroyuki},
  title = 	 {Alleviating the Bias of Distantly Supervised Sentiment Classification},
  OPTcrossref =  {},
  OPTkey = 	 {},
  booktitle =	 IEICEJ_ST,
  pages = 	 {1},
  year = 	 {2013},
  OPTeditor = 	 {},
  OPTvolume = 	 {},
  OPTnumber = 	 {},
  OPTseries = 	 {},
  OPTaddress = 	 {},
  month = 	 mar,
  OPTorganization = {},
  publisher =	 {B-7-46},
  OPTnote = 	 {},
  OPTannote = 	 {}
}

@Article{mlab/ishida13:wake-up_ieice_trans,
  author = 	 {石田 繁巳 and 瀧口 貴啓 and 猿渡 俊介 and 森川 博之},
  title = 	 {ワイヤレスハーネスのための2進{MDS-ID}マッチング型ウェイクアップ通信},
  journal = 	 IEICEJ_J_B,
  year = 	 {2013},
  OPTkey = 	 {},
  volume = 	 {J96-B},
  number = 	 {6},
  pages = 	 {615--630},
  month = 	 jun,
  OPTnote = 	 {},
  OPTannote = 	 {}
}

@InProceedings{mlab/liujinzhi13:ipsn_poster,
  author = 	 {Liu, Jinzhi and Suzuki, Makoto and Lee, Doohwan and Ishida, Shigemi and Morikawa, Hiroyuki},
  title = 	 {Poster Abstract: High Throughput Data Collection with Topology Adaptability in Wireless Sensor Network},
  OPTcrossref =  {},
  OPTkey = 	 {},
  booktitle =	 ACM_DP_IPSN,
  pages = 	 {1--2},
  year = 	 {2013},
  OPTeditor = 	 {},
  OPTvolume = 	 {},
  OPTnumber = 	 {},
  OPTseries = 	 {},
  OPTaddress = 	 {Philadelphia, PA, USA},
  month = 	 apr,
  OPTorganization = {},
  OPTpublisher = {},
  OPTnote = 	 {},
  OPTannote = 	 {}
}

@InProceedings{flab/izumi14:mona,
  author = 	 {和泉 晃 and 石田 繁巳 and 田頭 茂明 and 荒川 豊 and 福田 晃},
  title = 	 {アドホック測位ネットワークにおけるアプリケーションレス測位手法},
  OPTcrossref =  {},
  OPTkey = 	 {},
  booktitle =	 IEICEJ_T,
  pages = 	 {1--6},
  year = 	 {2014},
  OPTeditor = 	 {},
  OPTvolume = 	 {},
  OPTnumber = 	 {},
  OPTseries = 	 {},
  OPTaddress = 	 {},
  month = 	 jan,
  OPTorganization = {},
  publisher =	 IEICEJ_T_MONA # "（MoNA2013-69）",
  OPTnote = 	 {},
  OPTannote = 	 {},
  OPTnote = 	 {},
  OPTannote = 	 {}
}

@InProceedings{flab/takashima14:awpn_sogo,
  author = 	 {高嶋 瑶子 and 石田 繁巳 and 和泉 晃 and 田頭 茂明 and 荒川 豊 and 福田 晃},
  title = 	 {アドホック測位ネットワークにおける接続端末分散手法の初期的評価},
  OPTcrossref =  {},
  OPTkey = 	 {},
  booktitle =	 IEICEJ_ST,
  pages = 	 {1},
  year = 	 {2014},
  OPTeditor = 	 {},
  OPTvolume = 	 {},
  OPTnumber = 	 {},
  OPTseries = 	 {},
  OPTaddress = 	 {},
  month = 	 mar,
  OPTorganization = {},
  publisher =	 {B-15-4},
  OPTnote = 	 {},
  OPTannote = 	 {}
}

@InProceedings{flab/sonoda14:snfc_exp,
  author = 	 {園田 侑輝 and 中野 達彦 and 冨重 晃季 and 伊藤 晶 and 荒川 豊 and 田頭 茂明 and 石田 繁巳 and 福田 晃},
  title = 	 {スマート無線タグ{SNFC}を用いた位置に応じた情報提供システムの実証実験報告},
  OPTcrossref =  {},
  OPTkey = 	 {},
  booktitle =	 IEICEJ_T,
  pages = 	 {1--6},
  year = 	 {2014},
  OPTeditor = 	 {},
  OPTvolume = 	 {},
  OPTnumber = 	 {},
  OPTseries = 	 {},
  OPTaddress = 	 {},
  month = 	 mar,
  OPTorganization = {},
  publisher =	 IEICEJ_T_NS # "（NS2013-220）",
  OPTnote = 	 {},
  OPTannote = 	 {}
}

@Unpublished{flab/ishida14:coi_awpn,
  author = 	 {石田 繁巳},
  title = 	 {無線{LAN}を用いた屋内向け位置情報{Web}サービス},
  note = 	 {共進化社会システム創成拠点フォーラム, 口頭発表},
  OPTkey = 	 {},
  month = 	 mar,
  year = 	 {2014},
  OPTaddress =	 {},
  OPTannote = 	 {}
}

@InProceedings{flab/takashima14:asn_poster,
  author = 	 {高嶋 瑶子 and 石田 繁巳 and 田頭 茂明 and 福田 晃},
  title = 	 {アドホック測位ネットワークにおける接続端末分散手法の評価},
  OPTcrossref =  {},
  OPTkey = 	 {},
  booktitle =	 IEICEJ_T,
  pages = 	 {1--6},
  year = 	 {2014},
  OPTeditor = 	 {},
  OPTvolume = 	 {},
  OPTnumber = 	 {},
  OPTseries = 	 {},
  OPTaddress = 	 {},
  month = 	 may,
  OPTorganization = {},
  publisher =	 IEICEJ_T_ASN # "（ASN2014-29）",
  OPTnote = 	 {},
  OPTannote = 	 {}
}

@InProceedings{flab/hosoai14:iot_pbl,
  author = 	 {細合 晋太郎 and 石田 繁巳 and 亀井 靖高 and 大迫 周平 and 井垣 宏 and 鵜林 尚靖 and 福田 晃},
  title = 	 {{IoT}システムを題材とした{PBL}の導入提案},
  OPTcrossref =  {},
  OPTkey = 	 {},
  booktitle =	 IPSJJ_T_,
  pages = 	 {1--6},
  year = 	 {2014},
  OPTeditor = 	 {},
  OPTvolume = 	 {},
  OPTnumber = 	 {},
  OPTseries = 	 {},
  OPTaddress = 	 {},
  month = 	 jul,
  OPTorganization = {},
  publisher =	 IPSJJ_T_SE # "（2014-SE-185-7）",
  OPTnote = 	 {},
  OPTannote = 	 {}
}

@InProceedings{flab/hosoai14:iot_pbl_analy,
  author = 	 {細合 晋太郎 and 石田 繁巳 and 亀井 靖高 and 大迫 周平 and 井垣 宏 and 鵜林 尚靖 and 福田 晃},
  title = 	 {{IoT}を題材とした{PBL}の実施と分析},
  OPTcrossref =  {},
  OPTkey = 	 {},
  booktitle =	 MISCJ_JSSST # " 第31回大会",
  pages = 	 {1--8},
  year = 	 {2014},
  OPTeditor = 	 {},
  OPTvolume = 	 {},
  OPTnumber = 	 {},
  OPTseries = 	 {},
  OPTaddress = 	 {},
  month = 	 sep,
  OPTorganization = {},
  publisher =	 {rePiT1-3},
  OPTnote = 	 {},
  OPTannote = 	 {}
}

@InProceedings{flab/ohsako14:pbl_analy,
  author = 	 {大迫 周平 and 孔 維強 and 亀井 靖高 and 細合 晋太郎 and 石田 繁巳 and 鵜林 尚靖 and 福田 晃},
  title = 	 {テキストマイニングによる{PBL}発表会評価アンケート傾向分析},
  OPTcrossref =  {},
  OPTkey = 	 {},
  booktitle =	 MISCJ_JSSST # " 第31回大会",
  pages = 	 {1--8},
  year = 	 {2014},
  OPTeditor = 	 {},
  OPTvolume = 	 {},
  OPTnumber = 	 {},
  OPTseries = 	 {},
  OPTaddress = 	 {},
  month = 	 sep,
  OPTorganization = {},
  publisher =	 {rePiT4-2},
  OPTnote = 	 {},
  OPTannote = 	 {}
}

@InProceedings{flab/tomishige14:prob-req_sotai,
  author = 	 {富重 晃季 and 石田 繁巳 and 田頭 茂明 and 福田 晃},
  title = 	 {{WiFi}端末の探索要求間隔を利用した混雑度推定に向けた初期的実験},
  OPTcrossref =  {},
  OPTkey = 	 {},
  booktitle =	 IEICEJ_SO,
  pages = 	 {1},
  year = 	 {2014},
  OPTeditor = 	 {},
  OPTvolume = 	 {},
  OPTnumber = 	 {},
  OPTseries = 	 {},
  OPTaddress = 	 {},
  month = 	 sep,
  OPTorganization = {},
  publisher =	 {B-18-24},
  OPTnote = 	 {},
  OPTannote = 	 {}
}

@InProceedings{flab/ishida14:ism-pwm_sotai,
  author = 	 {石田 繁巳 and 福田 晃},
  title = 	 {{ISM}バンドでの{PWM}通信に向けた直接スペクトラム拡散に関する一検討},
  OPTcrossref =  {},
  OPTkey = 	 {},
  booktitle =	 IEICEJ_SO,
  pages = 	 {1},
  year = 	 {2014},
  OPTeditor = 	 {},
  OPTvolume = 	 {},
  OPTnumber = 	 {},
  OPTseries = 	 {},
  OPTaddress = 	 {},
  month = 	 sep,
  OPTorganization = {},
  publisher =	 {B-18-39},
  OPTnote = 	 {},
  OPTannote = 	 {}
}

@InProceedings{flab/ishida14:awpn_uic,
  author = 	 {Ishida, Shigemi and Tomishige, Koki and Izumi, Akira and Tagashira, Shigeaki and Arakawa, Yutaka and Fukuda,  Akira},
  title = 	 {Implementation of On-Demand Indoor Location-based Service using Ad-Hoc Wireless Positioning Network},
  OPTcrossref =  {},
  OPTkey = 	 {},
  booktitle =	 IEEE_P_UIC,
  pages = 	 {34--41},
  year = 	 {2014},
  OPTeditor = 	 {},
  OPTvolume = 	 {},
  OPTnumber = 	 {},
  OPTseries = 	 {},
  OPTaddress = 	 {Bali, Indonesia},
  month = 	 dec,
  OPTorganization = {},
  OPTpublisher = {UIC-116},
  OPTnote = 	 {},
  OPTannote = 	 {}
}

@InProceedings{flab/ohsako14:pbl_sigse,
  author = 	 {大迫 周平 and 亀井 靖高 and 細合 晋太郎 and 石田 繁巳 and 鵜林 尚靖 and 福田 晃},
  title = 	 {テキストマイニングを用いた価値創造教育カリキュラムの効果分析},
  OPTcrossref =  {},
  OPTkey = 	 {},
  booktitle =	 IPSJJ_T_,
  pages = 	 {1--8},
  year = 	 {2014},
  OPTeditor = 	 {},
  OPTvolume = 	 {},
  OPTnumber = 	 {},
  OPTseries = 	 {},
  OPTaddress = 	 {},
  month = 	 nov,
  OPTorganization = {},
  publisher =	 IPSJJ_T_SE # "（2014-SE-186-8）",
  OPTnote = 	 {},
  OPTannote = 	 {}
}

@InProceedings{flab/ishida15:asn_cpsloc,
  author = 	 {石田 繁巳 and 田頭 茂明 and 福田 晃},
  title = 	 {オンデマンド位置情報システムに向けた分散測位システムの通信量評価},
  OPTcrossref =  {},
  OPTkey = 	 {},
  booktitle =	 IEICEJ_T,
  pages = 	 {169--174},
  year = 	 {2015},
  OPTeditor = 	 {},
  OPTvolume = 	 {114},
  OPTnumber = 	 {418},
  OPTseries = 	 {},
  OPTaddress = 	 {},
  month = 	 jan,
  OPTorganization = {},
  publisher =	 IEICEJ_T_ASN # "（ASN2014-141）",
  OPTnote = 	 {},
  OPTannote = 	 {}
}

@InProceedings{flab/tomishige15:hotmobile_demo,
  author = 	 {Tomishige, Koki and Ishida, Shigemi and Tagashira, Shigeaki and Fukuda, Akira},
  title = 	 {Toward sensor localization using {WiFi-AP} anchors: realtime {AP-RSS} monitoring using sensor nodes},
  OPTcrossref =  {},
  OPTkey = 	 {},
  booktitle =	 ACM_D_HOTMOBILE,
  pages = 	 {1},
  year = 	 {2015},
  OPTeditor = 	 {},
  OPTvolume = 	 {},
  OPTnumber = 	 {},
  OPTseries = 	 {},
  OPTaddress = 	 {Santa Fe, NM},
  month = 	 feb,
  OPTorganization = {},
  OPTpublisher = {},
  OPTnote = 	 {},
  OPTannote = 	 {}
}

@InProceedings{flab/tomishige15:zigloc_in,
  author = 	 {富重 晃季 and 石田 繁巳 and 田頭 茂明 and 福田 晃},
  title = 	 {無線{LAN} {AP}を用いたセンサノードの測位に向けた電波減衰モデル構築実験},
  OPTcrossref =  {},
  OPTkey = 	 {},
  booktitle =	 IEICEJ_T,
  pages = 	 {1--6},
  year = 	 {2015},
  OPTeditor = 	 {},
  OPTvolume = 	 {},
  OPTnumber = 	 {},
  OPTseries = 	 {},
  OPTaddress = 	 {},
  month =	 mar,
  OPTorganization = {},
  publisher =	 IEICEJ_T_IN # "（IN2014-147）",
  OPTnote = 	 {},
  OPTannote = 	 {}
}

@InProceedings{flab/saeki15:aacts_in,
  author = 	 {佐伯 良光 and 石田 繁巳 and 田頭 茂明 and 福田 晃},
  title = 	 {{WLAN}と{ZigBee}の共存に向けた{AP}-Assisted {CTS}-Blockingの評価},
  OPTcrossref =  {},
  OPTkey = 	 {},
  booktitle =	 IEICEJ_T,
  pages = 	 {1--6},
  year = 	 {2015},
  OPTeditor = 	 {},
  OPTvolume = 	 {},
  OPTnumber = 	 {},
  OPTseries = 	 {},
  OPTaddress = 	 {},
  month =	 mar,
  OPTorganization = {},
  publisher =	 IEICEJ_T_IN # "（IN2014-154）",
  OPTnote = 	 {},
  OPTannote = 	 {}
}

@InProceedings{flab/saeki15:aacts_sogo,
  author = 	 {佐伯 良光 and 石田 繁巳 and 田頭 茂明 and 福田 晃},
  title = 	 {{WLAN}と{ZigBee}の共存に向けた{AP}-Assisted {CTS}-Blockingの初期的評価},
  OPTcrossref =  {},
  OPTkey = 	 {},
  booktitle =	 IEICEJ_ST,
  pages = 	 {1},
  year = 	 {2015},
  OPTeditor = 	 {},
  OPTvolume = 	 {},
  OPTnumber = 	 {},
  OPTseries = 	 {},
  OPTaddress = 	 {},
  month = 	 mar,
  OPTorganization = {},
  publisher =	 {B-15-4},
  OPTnote = 	 {},
  OPTannote = 	 {}
}

@Unpublished{flab/ishida15:cps,
  author = 	 {石田 繁巳},
  title = 	 {無線{LAN} {AP}を使ったセンサノード測位: Work in Progress},
  note = 	 {CPS-IIP研究会, 口頭発表},
  OPTkey = 	 {},
  month = 	 feb,
  year = 	 {2015},
  OPTaddress =	 {},
  OPTannote = 	 {}
}

@InProceedings{flab/kousaku15:dicomo,
  author = 	 {泉 幸作 and 石田 繁巳 and 田頭 茂明 and 福田 晃},
  title = 	 {{WiFi} {AP}を用いたセンサノード測位に向けた{RSS}観測手法},
  OPTcrossref =  {},
  OPTkey = 	 {},
  booktitle =	 IPSJJ_P_DICOMO,
  year = 	 {2015},
  OPTeditor = 	 {},
  OPTvolume = 	 {},
  OPTnumber = 	 {},
  OPTseries = 	 {},
  pages = 	 {843--848},
  month = 	 jul,
  OPTaddress = 	 {},
  OPTorganization = {},
  OPTpublisher = {},
  OPTnote = 	 {},
  OPTannote = 	 {}
}

@InProceedings{flab/ishida15:icess,
  author = 	 {Ishida, Shigemi and Tagashira, Shigeaki and Arakawa, Yutaka and Fukuda, Akira},
  title = 	 {On-Demand Indoor Location-based Service using Ad-Hoc Wireless Positioning Network},
  OPTcrossref =  {},
  OPTkey = 	 {},
  booktitle =	 IEEE_P_ICESS,
  year = 	 {2015},
  OPTeditor = 	 {},
  OPTvolume = 	 {},
  OPTnumber = 	 {},
  OPTseries = 	 {},
  pages = 	 {1005--1013},
  month = 	 aug,
  OPTaddress = 	 {New York, NY},
  OPTorganization = {},
  OPTpublisher = {},
  OPTnote = 	 {},
  OPTannote = 	 {}
}

@InProceedings{flab/furusho15:esa,
  author = 	 {Furusho, Hiroki and Hisazumi, Kenji and Kamiyama, Takeshi and Inamura, Hiroshi and Ishida, Shigemi and Fukuda, Akira},
  title = 	 {A Visualization Method of Inter-Module Communications for Profiling Energy Consumption of Android Applications},
  OPTcrossref =  {},
  OPTkey = 	 {},
  booktitle =	 MISC_P_ESA,
  year = 	 {2015},
  OPTeditor = 	 {},
  OPTvolume = 	 {},
  OPTnumber = 	 {},
  OPTseries = 	 {},
  OPTpages = 	 {},
  month = 	 jul,
  OPTaddress = 	 {Las Vegas, NV},
  OPTorganization = {},
  OPTpublisher = {},
  OPTnote = 	 {},
  OPTannote = 	 {}
}

@InProceedings{flab/ishida15:vtc-fall,
  author = 	 {Ishida, Shigemi and Izumi, Kousaku and Tagashira, Shigeaki and Fukuda, Akira},
  title = 	 {{WiFi} {AP}-{RSS} Monitoring using Sensor Nodes toward Anchor-Free Sensor Localization},
  OPTcrossref =  {},
  OPTkey = 	 {},
  booktitle =	 IEEE_P_VTC # " (VTC-Fall)",
  year = 	 {2015},
  OPTeditor = 	 {},
  OPTvolume = 	 {},
  OPTnumber = 	 {},
  OPTseries = 	 {},
  pages = 	 {1--5},
  month = 	 sep,
  OPTaddress = 	 {Boston, MA},
  OPTorganization = {},
  OPTpublisher = {},
  OPTnote = 	 {},
  OPTannote = 	 {}
}

@InProceedings{flab/hatayama15:tencon,
  author = 	 {Hatayama, Kazuki and Hisazumi, Kenji and Yoshise, Kana and Ishida, Shigemi and Fukuda, Akira},
  title = 	 {Design of {GUI}-Component Energy Profiler for Android Applications},
  OPTcrossref =  {},
  OPTkey = 	 {},
  booktitle =	 IEEE_P_TENCON,
  year = 	 {2015},
  OPTeditor = 	 {},
  OPTvolume = 	 {},
  OPTnumber = 	 {},
  OPTseries = 	 {},
  OPTpages = 	 {},
  month = 	 nov,
  OPTaddress = 	 {Macau},
  OPTorganization = {},
  OPTpublisher = {},
  OPTnote = 	 {},
  OPTannote = 	 {}
}

@InProceedings{flab/kousaku15:candar,
  author = 	 {Izumi, Kousaku and Ishida, Shigemi and Tagashira, Shigeaki and Fukuda, Akira},
  title = 	 {Design of {WiFi} {AP}-{RSS} Monitoring System using Sensor Nodes},
  OPTcrossref =  {},
  OPTkey = 	 {},
  booktitle =	 IPSJ_P_CANDAR,
  year = 	 {2015},
  OPTeditor = 	 {},
  OPTvolume = 	 {},
  OPTnumber = 	 {},
  OPTseries = 	 {},
  OPTpages = 	 {},
  month = 	 dec,
  OPTaddress = 	 {Sapporo, Japan},
  OPTorganization = {},
  OPTpublisher = {},
  OPTnote = 	 {},
  OPTannote = 	 {}
}

@InProceedings{flab/ishida15:candar,
  author = 	 {Ishida, Shigemi and Tagashira, Shigeaki and Fukuda, Akira},
  title = 	 {{AP}-Assisted {CTS}-Blocking for {WiFi}-{ZigBee} Coexistence},
  OPTcrossref =  {},
  OPTkey = 	 {},
  booktitle =	 IPSJ_P_CANDAR,
  year = 	 {2015},
  OPTeditor = 	 {},
  OPTvolume = 	 {},
  OPTnumber = 	 {},
  OPTseries = 	 {},
  OPTpages = 	 {},
  month = 	 dec,
  OPTaddress = 	 {Sapporo, Japan},
  OPTorganization = {},
  OPTpublisher = {},
  OPTnote = 	 {},
  OPTannote = 	 {}
}

@InProceedings{flab/hosoai15:iot_pbl_ess,
  author = 	 {細合 晋太郎 and 石田 繁巳 and 亀井 靖高 and 鵜林 尚靖 and 福田 晃},
  title = 	 {自律走行ロボットを用いた{IoT}開発{PBL}に向けた教材開発},
  OPTcrossref =  {},
  OPTkey = 	 {},
  booktitle =	 IPSJJ_P_ESS,
  year = 	 {2015},
  OPTeditor = 	 {},
  OPTvolume = 	 {},
  OPTnumber = 	 {},
  OPTseries = 	 {},
  OPTpages = 	 {},
  month = 	 oct,
  OPTaddress = 	 {},
  OPTorganization = {},
  OPTpublisher = {},
  OPTnote = 	 {},
  OPTannote = 	 {}
}

@Unpublished{flab/hashimoto15:singapore,
  author = 	 {Hashimoto, Naoyu and Izumi, Kousaku and Ishida, Shigemi and Tagashira, Shigeaki and Fukuda, Akira},
  title = 	 {Proposal of Coarse Localization Method for Anchor-free Sensor Localization using {WiFi} {APs}},
  note = 	 {Singapore-Japan Joint Workshop on Ambient Intelligence and Sensor Networks, oral presentation},
  OPTkey = 	 {},
  month = 	 dec,
  year = 	 {2015},
  OPTaddress =	 {Singapore},
  OPTannote = 	 {}
}

@Unpublished{flab/kousaku15:singapore,
  author = 	 {Izumi, Kousaku and Ishida, Shigemi and Tagashira, Shigeaki and Fukuda, Akira},
  title = 	 {Proposal of Instant Sensor Localization System using {WiFi} {APs}},
  note = 	 {Singapore-Japan Joint Workshop on Ambient Intelligence and Sensor Networks, oral presentation},
  OPTkey = 	 {},
  month = 	 dec,
  year = 	 {2015},
  OPTaddress =	 {Singapore},
  OPTannote = 	 {}
}

@Unpublished{flab/mimura15:singapore,
  author = 	 {Mimura, Kohei and Liu, Song and Ishida, Shigemi and Tagashira, Shigeaki and Fukuda, Akira},
  title = 	 {Proposal of Simple and Accurate Vehicle Counting System using Road-side Microphone Array},
  note = 	 {Singapore-Japan Joint Workshop on Ambient Intelligence and Sensor Networks, oral presentation},
  OPTkey = 	 {},
  month = 	 dec,
  year = 	 {2015},
  OPTaddress =	 {Singapore},
  OPTannote = 	 {}
}

@InProceedings{flab/liu15:its_sogo,
  author = 	 {Liu, Song and Ishida, Shigemi and Mimura, Kohei and Tagashira, Shigeaki and Fukuda, Akira},
  title = 	 {Initial Evaluation of Acoustic Vehicle Count System utilizing Dynamic Time Warping},
  OPTcrossref =  {},
  OPTkey = 	 {},
  booktitle =	 IEICEJ_ST,
  year = 	 {2016},
  OPTeditor = 	 {},
  OPTvolume = 	 {},
  OPTnumber = 	 {},
  OPTseries = 	 {},
  pages = 	 {1--2},
  month = 	 mar,
  OPTaddress = 	 {},
  OPTorganization = {},
  publisher =	 {(will appear)},
  OPTnote = 	 {},
  OPTannote = 	 {}
}

@InProceedings{flab/mimura15:its_asn,
  author = 	 {三村 晃平 and 劉 嵩 and 石田 繁巳 and 田頭 茂明 and 福田 晃},
  title = 	 {路側設置マイクロフォンを用いた車両カウントシステムの設計と初期的評価},
  OPTcrossref =  {},
  OPTkey = 	 {},
  booktitle =	 IEICEJ_T,
  year = 	 {2016},
  OPTeditor = 	 {},
  OPTvolume = 	 {115},
  OPTnumber = 	 {437},
  OPTseries = 	 {},
  pages = 	 {111--116},
  month = 	 jan,
  OPTaddress = 	 {},
  OPTorganization = {},
  publisher =	 IEICEJ_T_ASN # "（ASN2015-98）",
  OPTnote = 	 {},
  OPTannote = 	 {}
}

